
    <marc:record>
        <marc:leader>08079cam a2201657La 4500</marc:leader>
        <marc:controlfield tag="001">020000366</marc:controlfield>
        <marc:controlfield tag="004">WFACJ0373001</marc:controlfield>
        <marc:controlfield tag="005">20180412142928.0</marc:controlfield>
        <marc:controlfield tag="006">m        u        </marc:controlfield>
        <marc:controlfield tag="007">cr cn|</marc:controlfield>
        <marc:controlfield tag="008">000112s1997    stka    s     000 0 eng d</marc:controlfield>
        <marc:datafield tag="020" ind1=" " ind2=" ">
            <marc:subfield code="z">0748611231</marc:subfield>
        </marc:datafield>
        <marc:datafield tag="020" ind1=" " ind2=" ">
            <marc:subfield code="a">0585159017 (electronic bk.)</marc:subfield>
        </marc:datafield>
        <marc:datafield tag="035" ind1=" " ind2=" ">
            <marc:subfield code="a">(OCoLC)43477395</marc:subfield>
        </marc:datafield>
        <marc:datafield tag="TKR" ind1=" " ind2=" ">
            <marc:subfield code="a">(FBoU)NETLIBY20010531</marc:subfield>
        </marc:datafield>
        <marc:datafield tag="TKR" ind1=" " ind2=" ">
            <marc:subfield code="a">(SNX)NETLIB with 6xx:*4:</marc:subfield>
        </marc:datafield>
        <marc:datafield tag="TKR" ind1=" " ind2=" ">
            <marc:subfield code="a">(FOFT)NETLIBY20010613</marc:subfield>
        </marc:datafield>
        <marc:datafield tag="TKR" ind1=" " ind2=" ">
            <marc:subfield code="a">NETLIBY20010701 SOLINET Shared I</marc:subfield>
        </marc:datafield>
        <marc:datafield tag="TKR" ind1=" " ind2=" ">
            <marc:subfield code="a">(FU)NETLIBY20010615</marc:subfield>
        </marc:datafield>
        <marc:datafield tag="TKR" ind1=" " ind2=" ">
            <marc:subfield code="a">(FTaFA)NETLIBY20010701</marc:subfield>
        </marc:datafield>
        <marc:datafield tag="TKR" ind1=" " ind2=" ">
            <marc:subfield code="a">(SNX)NETLIB with 650:*4:</marc:subfield>
        </marc:datafield>
        <marc:datafield tag="TKR" ind1=" " ind2=" ">
            <marc:subfield code="a">PROXYFIX</marc:subfield>
        </marc:datafield>
        <marc:datafield tag="TKR" ind1=" " ind2=" ">
            <marc:subfield code="a">(FTaFA)amebsco.001</marc:subfield>
        </marc:datafield>
        <marc:datafield tag="TKR" ind1=" " ind2=" ">
            <marc:subfield code="a">(FTaFA)EBSCO20160521</marc:subfield>
        </marc:datafield>
        <marc:datafield tag="TKR" ind1=" " ind2=" ">
            <marc:subfield code="a">(FTaFA)metacoll.FCM.updates.D20161208.T183017.EBSCOebooks.1.mrc</marc:subfield>
        </marc:datafield>
        <marc:datafield tag="TKR" ind1=" " ind2=" ">
            <marc:subfield code="a">(FTaFA)EBSCO20161221</marc:subfield>
        </marc:datafield>
        <marc:datafield tag="TKR" ind1=" " ind2=" ">
            <marc:subfield code="a">(FTaFA)metacoll.FCM.updates.D20170917.T183014.EBSCOebooks.1.mrc</marc:subfield>
        </marc:datafield>
        <marc:datafield tag="TKR" ind1=" " ind2=" ">
            <marc:subfield code="a">(FTaFA)EBSCO20170927</marc:subfield>
        </marc:datafield>
        <marc:datafield tag="TKR" ind1=" " ind2=" ">
            <marc:subfield code="a">(FTaFA)metacoll.FCM.updates.D20171029.T183012.EBSCOebooks.1.mrc</marc:subfield>
        </marc:datafield>
        <marc:datafield tag="TKR" ind1=" " ind2=" ">
            <marc:subfield code="a">(FTaFA)EBSCO20171109</marc:subfield>
        </marc:datafield>
        <marc:datafield tag="TKR" ind1=" " ind2=" ">
            <marc:subfield code="a">(FTaFA)EBSCO20180315</marc:subfield>
        </marc:datafield>
        <marc:datafield tag="TKR" ind1=" " ind2=" ">
            <marc:subfield code="a">(FTaFA)metacoll.FCM.updates.D20180327.T183010.EBSCOebooks.1.mrc</marc:subfield>
        </marc:datafield>
        <marc:datafield tag="TKR" ind1=" " ind2=" ">
            <marc:subfield code="a">(FTaFA)EBSCO20180412</marc:subfield>
        </marc:datafield>
        <marc:datafield tag="TKR" ind1=" " ind2=" ">
            <marc:subfield code="a">(FJUNF)NETLIBY20010612</marc:subfield>
        </marc:datafield>
        <marc:datafield tag="TKR" ind1=" " ind2=" ">
            <marc:subfield code="a">(SNX)NETLIB with 6xx:*4:</marc:subfield>
        </marc:datafield>
        <marc:datafield tag="TKR" ind1=" " ind2=" ">
            <marc:subfield code="a">(FMFIU)NETLIBY20010613</marc:subfield>
        </marc:datafield>
        <marc:datafield tag="TKR" ind1=" " ind2=" ">
            <marc:subfield code="a">(SNX)NETLIB with 6xx:*4:</marc:subfield>
        </marc:datafield>
        <marc:datafield tag="OWN" ind1=" " ind2=" ">
            <marc:subfield code="a">WF</marc:subfield>
        </marc:datafield>
        <marc:datafield tag="OWN" ind1=" " ind2=" ">
            <marc:subfield code="a">FA</marc:subfield>
        </marc:datafield>
        <marc:datafield tag="OWN" ind1=" " ind2=" ">
            <marc:subfield code="a">CF</marc:subfield>
        </marc:datafield>
        <marc:datafield tag="OWN" ind1=" " ind2=" ">
            <marc:subfield code="a">SF</marc:subfield>
        </marc:datafield>
        <marc:datafield tag="OWN" ind1=" " ind2=" ">
            <marc:subfield code="a">FS</marc:subfield>
        </marc:datafield>
        <marc:datafield tag="OWN" ind1=" " ind2=" ">
            <marc:subfield code="a">UF</marc:subfield>
        </marc:datafield>
        <marc:datafield tag="OWN" ind1=" " ind2=" ">
            <marc:subfield code="a">AM</marc:subfield>
        </marc:datafield>
        <marc:datafield tag="OWN" ind1=" " ind2=" ">
            <marc:subfield code="a">NF</marc:subfield>
        </marc:datafield>
        <marc:datafield tag="OWN" ind1=" " ind2=" ">
            <marc:subfield code="a">FI</marc:subfield>
        </marc:datafield>
        <marc:datafield tag="040" ind1=" " ind2=" ">
            <marc:subfield code="a">N$T</marc:subfield>
            <marc:subfield code="c">N$T</marc:subfield>
            <marc:subfield code="d">OCL</marc:subfield>
        </marc:datafield>
        <marc:datafield tag="043" ind1=" " ind2=" ">
            <marc:subfield code="a">e-uk-st</marc:subfield>
        </marc:datafield>
        <marc:datafield tag="050" ind1="1" ind2="4">
            <marc:subfield code="a">K8</marc:subfield>
            <marc:subfield code="b">.U5 1997eb</marc:subfield>
        </marc:datafield>
        <marc:datafield tag="082" ind1="0" ind2="4">
            <marc:subfield code="a">347.41</marc:subfield>
            <marc:subfield code="2">21</marc:subfield>
        </marc:datafield>
        <marc:datafield tag="245" ind1="0" ind2="4">
            <marc:subfield code="a">The reform of civil justice</marc:subfield>
            <marc:subfield code="h">[computer file] /</marc:subfield>
            <marc:subfield code="c">[contributors, Brian G.M. Main ... et al.].</marc:subfield>
        </marc:datafield>
        <marc:datafield tag="260" ind1=" " ind2=" ">
            <marc:subfield code="a">Edinburgh :</marc:subfield>
            <marc:subfield code="b">Edinburgh University Press,</marc:subfield>
            <marc:subfield code="c">c1997.</marc:subfield>
        </marc:datafield>
        <marc:datafield tag="300" ind1=" " ind2=" ">
            <marc:subfield code="a">x, 115 p. :</marc:subfield>
            <marc:subfield code="b">ill. ;</marc:subfield>
            <marc:subfield code="c">23 cm.</marc:subfield>
        </marc:datafield>
        <marc:datafield tag="440" ind1=" " ind2="0">
            <marc:subfield code="a">Hume papers on public policy ;</marc:subfield>
            <marc:subfield code="v">v. 5, no. 4</marc:subfield>
            <marc:subfield code="5">FPeU</marc:subfield>
            <marc:subfield code="5">FU</marc:subfield>
            <marc:subfield code="5">FBoU</marc:subfield>
            <marc:subfield code="5">FTS</marc:subfield>
            <marc:subfield code="5">FTaSU</marc:subfield>
            <marc:subfield code="5">FOFT</marc:subfield>
            <marc:subfield code="5">FTaFA</marc:subfield>
            <marc:subfield code="5">FMFIU</marc:subfield>
        </marc:datafield>
        <marc:datafield tag="504" ind1=" " ind2=" ">
            <marc:subfield code="a">Includes bibliographical references.</marc:subfield>
        </marc:datafield>
        <marc:datafield tag="505" ind1="0" ind2=" ">
            <marc:subfield code="a">An economic perspective on the cost of justice / Brian G. M. Main -- The changing landscape of Dispute Resolution / Richard Mays -- Fair notice - the role of written pleadings in the Scottish Justice System / Andrew Murray -- Judicial case management. The quiet but significant revolution / Rachel Wadia -- Access to justice? Lessons from the Sheriff court / David Parratt.</marc:subfield>
            <marc:subfield code="5">FPeU</marc:subfield>
            <marc:subfield code="5">FJUNF</marc:subfield>
            <marc:subfield code="5">FU</marc:subfield>
            <marc:subfield code="5">FBoU</marc:subfield>
            <marc:subfield code="5">FTS</marc:subfield>
            <marc:subfield code="5">FTaSU</marc:subfield>
            <marc:subfield code="5">FOFT</marc:subfield>
            <marc:subfield code="5">FTaFA</marc:subfield>
            <marc:subfield code="5">FMFIU</marc:subfield>
        </marc:datafield>
        <marc:datafield tag="533" ind1=" " ind2=" ">
            <marc:subfield code="a">Electronic reproduction.</marc:subfield>
            <marc:subfield code="b">Boulder, Colo. :</marc:subfield>
            <marc:subfield code="c">NetLibrary,</marc:subfield>
            <marc:subfield code="d">2000.</marc:subfield>
            <marc:subfield code="n">Available via the World Wide Web.</marc:subfield>
            <marc:subfield code="n">Available in multiple electronic file formats.</marc:subfield>
            <marc:subfield code="n">Access may be limited to NetLibrary affiliated libraries.</marc:subfield>
            <marc:subfield code="5">FPeU</marc:subfield>
            <marc:subfield code="5">FJUNF</marc:subfield>
            <marc:subfield code="5">FU</marc:subfield>
            <marc:subfield code="5">FBoU</marc:subfield>
            <marc:subfield code="5">FTS</marc:subfield>
            <marc:subfield code="5">FTaSU</marc:subfield>
            <marc:subfield code="5">FOFT</marc:subfield>
            <marc:subfield code="5">FTaFA</marc:subfield>
            <marc:subfield code="5">FMFIU</marc:subfield>
        </marc:datafield>
        <marc:datafield tag="650" ind1=" " ind2="0">
            <marc:subfield code="a">Justice, Administration of</marc:subfield>
            <marc:subfield code="z">Scotland.</marc:subfield>
        </marc:datafield>
        <marc:datafield tag="650" ind1=" " ind2="0">
            <marc:subfield code="a">Civil law</marc:subfield>
            <marc:subfield code="z">Scotland.</marc:subfield>
        </marc:datafield>
        <marc:datafield tag="650" ind1=" " ind2="0">
            <marc:subfield code="a">Civil law systems.</marc:subfield>
        </marc:datafield>
        <marc:datafield tag="655" ind1=" " ind2="7">
            <marc:subfield code="a">Electronic books.</marc:subfield>
            <marc:subfield code="2">local</marc:subfield>
        </marc:datafield>
        <marc:datafield tag="700" ind1="1" ind2=" ">
            <marc:subfield code="a">Main, Brian G. M.</marc:subfield>
        </marc:datafield>
        <marc:datafield tag="710" ind1="2" ind2=" ">
            <marc:subfield code="a">NetLibrary, Inc.</marc:subfield>
        </marc:datafield>
        <marc:datafield tag="710" ind1="2" ind2=" ">
            <marc:subfield code="a">David Hume Institute.</marc:subfield>
        </marc:datafield>
        <marc:datafield tag="776" ind1="1" ind2=" ">
            <marc:subfield code="c">Original</marc:subfield>
            <marc:subfield code="w">(OCoLC)38885385</marc:subfield>
        </marc:datafield>
        <marc:datafield tag="830" ind1=" " ind2="0">
            <marc:subfield code="a">Hume papers on public policy ;</marc:subfield>
            <marc:subfield code="v">v. 5, no. 4</marc:subfield>
        </marc:datafield>
        <marc:datafield tag="856" ind1="4" ind2=" ">
            <marc:subfield code="u">http://ezproxy.fiu.edu/login?url=http://www.netlibrary.com/urlapi.asp?action=summary&amp;v=1&amp;bookid=9536</marc:subfield>
            <marc:subfield code="y">FIU users: view content here</marc:subfield>
            <marc:subfield code="5">FMFIU</marc:subfield>
        </marc:datafield>
        <marc:datafield tag="856" ind1="4" ind2=" ">
            <marc:subfield code="y">UCF: Click here for ONLINE ACCESS</marc:subfield>
            <marc:subfield code="u">https://login.ezproxy.net.ucf.edu/login?auth=shibb&amp;url=http://www.netlibrary.com/urlapi.asp?action=summary&amp;v=1&amp;bookid=9536</marc:subfield>
            <marc:subfield code="5">FOFT</marc:subfield>
            <marc:subfield code="z">EBSCOhost eBook Collection</marc:subfield>
        </marc:datafield>
        <marc:datafield tag="856" ind1="4" ind2=" ">
            <marc:subfield code="x">Bibliographic record display</marc:subfield>
            <marc:subfield code="u">http://ezproxy.lib.usf.edu/login?url=http://www.netlibrary.com/urlapi.asp?action=summary&amp;v=1&amp;bookid=9536</marc:subfield>
            <marc:subfield code="x">An electronic book accessible through the World Wide Web; click for information</marc:subfield>
            <marc:subfield code="y">USF ONLINE ACCESS</marc:subfield>
            <marc:subfield code="5">FTS</marc:subfield>
            <marc:subfield code="3">EBSCOhost eBook Collection</marc:subfield>
        </marc:datafield>
        <marc:datafield tag="856" ind1="4" ind2=" ">
            <marc:subfield code="x">Bibliographic record display</marc:subfield>
            <marc:subfield code="u">http://www.netlibrary.com/urlapi.asp?action=summary&amp;v=1&amp;bookid=9536</marc:subfield>
            <marc:subfield code="z">Licensed for UF students, faculty and staff</marc:subfield>
            <marc:subfield code="y">Read this E-book</marc:subfield>
            <marc:subfield code="5">FU</marc:subfield>
        </marc:datafield>
        <marc:datafield tag="856" ind1="4" ind2=" ">
            <marc:subfield code="y">Read this E-book</marc:subfield>
            <marc:subfield code="u">https://login.dax.lib.unf.edu/login?url=http://www.netlibrary.com/urlapi.asp?action=summary&amp;v=1&amp;bookid=9536</marc:subfield>
            <marc:subfield code="z">Off campus access restricted to current UNF students, faculty &amp; staff</marc:subfield>
            <marc:subfield code="5">FJUNF</marc:subfield>
        </marc:datafield>
        <marc:datafield tag="856" ind1="4" ind2=" ">
            <marc:subfield code="3">Bibliographic record display</marc:subfield>
            <marc:subfield code="u">http://ezproxy.lib.uwf.edu/login?url=http://www.netlibrary.com/urlapi.asp?action=summary&amp;v=1&amp;bookid=9536</marc:subfield>
            <marc:subfield code="z">An electronic book accessible through the World Wide Web; click for information</marc:subfield>
            <marc:subfield code="x">xnoindex</marc:subfield>
            <marc:subfield code="5">FPeU</marc:subfield>
        </marc:datafield>
        <marc:datafield tag="856" ind1="4" ind2=" ">
            <marc:subfield code="u">https://login.proxy.lib.fsu.edu/login?url=http://www.netlibrary.com/urlapi.asp?action=summary&amp;v=1&amp;bookid=9536</marc:subfield>
            <marc:subfield code="y">FSU: Off-campus access limited to current FSU students &amp; employees</marc:subfield>
            <marc:subfield code="5">FTaSU</marc:subfield>
        </marc:datafield>
        <marc:datafield tag="856" ind1="4" ind2="0">
            <marc:subfield code="y">Read this eBook</marc:subfield>
            <marc:subfield code="u">http://ezproxy.fau.edu/login?url=http://www.netlibrary.com/urlapi.asp?action=summary&amp;v=1&amp;bookid=9536</marc:subfield>
            <marc:subfield code="z">FAU: Off-campus access limited to current FAU students &amp; employees</marc:subfield>
            <marc:subfield code="5">FBoU</marc:subfield>
        </marc:datafield>
        <marc:datafield tag="856" ind1="4" ind2="0">
            <marc:subfield code="u">http://famuproxy.fcla.edu/login?url=http://search.ebscohost.com/login.aspx?direct=true&amp;scope=site&amp;db=nlebk&amp;AN=9536</marc:subfield>
            <marc:subfield code="y">FAMU: Off-campus access limited to current FAMU students &amp; employees</marc:subfield>
            <marc:subfield code="5">FTaFA</marc:subfield>
        </marc:datafield>
        <marc:datafield tag="852" ind1="8" ind2=" ">
            <marc:subfield code="a">FPeU</marc:subfield>
            <marc:subfield code="b">WFPAC</marc:subfield>
            <marc:subfield code="c">PELE</marc:subfield>
            <marc:subfield code="h">See links for Internet location</marc:subfield>
        </marc:datafield>
        <marc:datafield tag="856" ind1="4" ind2="0">
            <marc:subfield code="x">migrated</marc:subfield>
        </marc:datafield>
        <marc:datafield tag="852" ind1="8" ind2=" ">
            <marc:subfield code="a">FBoU</marc:subfield>
            <marc:subfield code="b">FAUER</marc:subfield>
            <marc:subfield code="c">ELEC</marc:subfield>
            <marc:subfield code="h">See LINKS to connect</marc:subfield>
        </marc:datafield>
        <marc:datafield tag="852" ind1="0" ind2=" ">
            <marc:subfield code="a">FOFT</marc:subfield>
            <marc:subfield code="b">CFELE</marc:subfield>
            <marc:subfield code="c">LINK</marc:subfield>
            <marc:subfield code="h">K8</marc:subfield>
            <marc:subfield code="i">.U5 1997</marc:subfield>
        </marc:datafield>
        <marc:datafield tag="852" ind1="0" ind2=" ">
            <marc:subfield code="a">FTS</marc:subfield>
            <marc:subfield code="b">SFERS</marc:subfield>
            <marc:subfield code="c">BOOK</marc:subfield>
            <marc:subfield code="h">K8 (ONLINE:NetLibrary)</marc:subfield>
            <marc:subfield code="x">REPROCESSED 2006-12-27</marc:subfield>
        </marc:datafield>
        <marc:datafield tag="852" ind1="8" ind2=" ">
            <marc:subfield code="a">FTaSU</marc:subfield>
            <marc:subfield code="b">FSUER</marc:subfield>
            <marc:subfield code="c">ERES</marc:subfield>
        </marc:datafield>
        <marc:datafield tag="852" ind1=" " ind2=" ">
            <marc:subfield code="a">FU</marc:subfield>
            <marc:subfield code="b">UFER</marc:subfield>
            <marc:subfield code="c">SMBK</marc:subfield>
            <marc:subfield code="h">K8</marc:subfield>
            <marc:subfield code="i">.U5 1997</marc:subfield>
        </marc:datafield>
        <marc:datafield tag="852" ind1=" " ind2=" ">
            <marc:subfield code="a">FTaFA</marc:subfield>
            <marc:subfield code="b">AMONL</marc:subfield>
            <marc:subfield code="c">CELEC</marc:subfield>
        </marc:datafield>
        <marc:datafield tag="852" ind1="0" ind2=" ">
            <marc:subfield code="a">FJUNF</marc:subfield>
            <marc:subfield code="b">NFUCO</marc:subfield>
            <marc:subfield code="c">GEELE</marc:subfield>
            <marc:subfield code="h">K8</marc:subfield>
            <marc:subfield code="i">.U5 1997 elec.ver</marc:subfield>
        </marc:datafield>
        <marc:datafield tag="852" ind1="0" ind2=" ">
            <marc:subfield code="a">FMFIU</marc:subfield>
            <marc:subfield code="b">FIELR</marc:subfield>
            <marc:subfield code="c">EBK</marc:subfield>
            <marc:subfield code="h">K8</marc:subfield>
        </marc:datafield>
        <marc:datafield tag="852" ind1="8" ind2=" ">
            <marc:subfield code="a">FPeU</marc:subfield>
            <marc:subfield code="b">WFPAC</marc:subfield>
            <marc:subfield code="c">PELE</marc:subfield>
            <marc:subfield code="h">See links for Internet location</marc:subfield>
        </marc:datafield>
        <marc:datafield tag="852" ind1="8" ind2=" ">
            <marc:subfield code="a">FBoU</marc:subfield>
            <marc:subfield code="b">FAUER</marc:subfield>
            <marc:subfield code="c">ELEC</marc:subfield>
            <marc:subfield code="h">See LINKS to connect</marc:subfield>
        </marc:datafield>
        <marc:datafield tag="852" ind1="0" ind2=" ">
            <marc:subfield code="a">FOFT</marc:subfield>
            <marc:subfield code="b">CFELE</marc:subfield>
            <marc:subfield code="c">LINK</marc:subfield>
            <marc:subfield code="h">K8</marc:subfield>
            <marc:subfield code="i">.U5 1997</marc:subfield>
        </marc:datafield>
        <marc:datafield tag="852" ind1="0" ind2=" ">
            <marc:subfield code="a">FTS</marc:subfield>
            <marc:subfield code="b">SFERS</marc:subfield>
            <marc:subfield code="c">BOOK</marc:subfield>
            <marc:subfield code="h">K8 (ONLINE:NetLibrary)</marc:subfield>
            <marc:subfield code="x">REPROCESSED 2006-12-27</marc:subfield>
        </marc:datafield>
        <marc:datafield tag="852" ind1="8" ind2=" ">
            <marc:subfield code="a">FTaSU</marc:subfield>
            <marc:subfield code="b">FSUER</marc:subfield>
            <marc:subfield code="c">ERES</marc:subfield>
        </marc:datafield>
        <marc:datafield tag="852" ind1=" " ind2=" ">
            <marc:subfield code="a">FU</marc:subfield>
            <marc:subfield code="b">UFER</marc:subfield>
            <marc:subfield code="c">SMBK</marc:subfield>
            <marc:subfield code="h">K8</marc:subfield>
            <marc:subfield code="i">.U5 1997</marc:subfield>
        </marc:datafield>
        <marc:datafield tag="852" ind1=" " ind2=" ">
            <marc:subfield code="a">FTaFA</marc:subfield>
            <marc:subfield code="b">AMONL</marc:subfield>
            <marc:subfield code="c">CELEC</marc:subfield>
        </marc:datafield>
        <marc:datafield tag="852" ind1="0" ind2=" ">
            <marc:subfield code="a">FJUNF</marc:subfield>
            <marc:subfield code="b">NFUCO</marc:subfield>
            <marc:subfield code="c">GEELE</marc:subfield>
            <marc:subfield code="h">K8</marc:subfield>
            <marc:subfield code="i">.U5 1997 elec.ver</marc:subfield>
        </marc:datafield>
        <marc:datafield tag="852" ind1="0" ind2=" ">
            <marc:subfield code="a">FMFIU</marc:subfield>
            <marc:subfield code="b">FIELR</marc:subfield>
            <marc:subfield code="c">EBK</marc:subfield>
            <marc:subfield code="h">K8</marc:subfield>
        </marc:datafield>
        <marc:datafield tag="NCO" ind1=" " ind2=" ">
            <marc:subfield code="a">L</marc:subfield>
        </marc:datafield>
        <marc:datafield tag="CAT" ind1=" " ind2=" ">
            <marc:subfield code="a">SBMERGE</marc:subfield>
            <marc:subfield code="b">20</marc:subfield>
            <marc:subfield code="c">20120623</marc:subfield>
            <marc:subfield code="l">UXU01</marc:subfield>
            <marc:subfield code="h">0749</marc:subfield>
        </marc:datafield>
        <marc:datafield tag="CAT" ind1=" " ind2=" ">
            <marc:subfield code="a">BATCH-UPD</marc:subfield>
            <marc:subfield code="b">20</marc:subfield>
            <marc:subfield code="c">20121212</marc:subfield>
            <marc:subfield code="l">UXU01</marc:subfield>
            <marc:subfield code="h">1810</marc:subfield>
        </marc:datafield>
        <marc:datafield tag="CAT" ind1=" " ind2=" ">
            <marc:subfield code="a">BATCH-UPD</marc:subfield>
            <marc:subfield code="b">20</marc:subfield>
            <marc:subfield code="c">20130404</marc:subfield>
            <marc:subfield code="l">UXU01</marc:subfield>
            <marc:subfield code="h">1724</marc:subfield>
        </marc:datafield>
        <marc:datafield tag="CAT" ind1=" " ind2=" ">
            <marc:subfield code="a">BATCH-UPD</marc:subfield>
            <marc:subfield code="b">20</marc:subfield>
            <marc:subfield code="c">20130501</marc:subfield>
            <marc:subfield code="l">UXU01</marc:subfield>
            <marc:subfield code="h">2013</marc:subfield>
        </marc:datafield>
        <marc:datafield tag="CAT" ind1=" " ind2=" ">
            <marc:subfield code="a">BATCH-UPD</marc:subfield>
            <marc:subfield code="b">20</marc:subfield>
            <marc:subfield code="c">20140507</marc:subfield>
            <marc:subfield code="l">UXU01</marc:subfield>
            <marc:subfield code="h">1133</marc:subfield>
        </marc:datafield>
        <marc:datafield tag="CAT" ind1=" " ind2=" ">
            <marc:subfield code="a">BATCH-UPD</marc:subfield>
            <marc:subfield code="b">20</marc:subfield>
            <marc:subfield code="c">20140507</marc:subfield>
            <marc:subfield code="l">UXU01</marc:subfield>
            <marc:subfield code="h">2000</marc:subfield>
        </marc:datafield>
        <marc:datafield tag="CAT" ind1=" " ind2=" ">
            <marc:subfield code="a">BATCH-UPD</marc:subfield>
            <marc:subfield code="b">20</marc:subfield>
            <marc:subfield code="c">20140724</marc:subfield>
            <marc:subfield code="l">UXU01</marc:subfield>
            <marc:subfield code="h">1336</marc:subfield>
        </marc:datafield>
        <marc:datafield tag="CAT" ind1=" " ind2=" ">
            <marc:subfield code="a">BATCH-UPD</marc:subfield>
            <marc:subfield code="b">20</marc:subfield>
            <marc:subfield code="c">20140725</marc:subfield>
            <marc:subfield code="l">UXU01</marc:subfield>
            <marc:subfield code="h">0100</marc:subfield>
        </marc:datafield>
        <marc:datafield tag="CAT" ind1=" " ind2=" ">
            <marc:subfield code="a">BATCH-UPD</marc:subfield>
            <marc:subfield code="b">20</marc:subfield>
            <marc:subfield code="c">20140819</marc:subfield>
            <marc:subfield code="l">UXU01</marc:subfield>
            <marc:subfield code="h">2200</marc:subfield>
        </marc:datafield>
        <marc:datafield tag="CAT" ind1=" " ind2=" ">
            <marc:subfield code="a">BATCH-UPD</marc:subfield>
            <marc:subfield code="b">20</marc:subfield>
            <marc:subfield code="c">20140828</marc:subfield>
            <marc:subfield code="l">UXU01</marc:subfield>
            <marc:subfield code="h">1550</marc:subfield>
        </marc:datafield>
        <marc:datafield tag="CAT" ind1=" " ind2=" ">
            <marc:subfield code="a">BATCH-UPD</marc:subfield>
            <marc:subfield code="b">20</marc:subfield>
            <marc:subfield code="c">20150714</marc:subfield>
            <marc:subfield code="l">UXU01</marc:subfield>
            <marc:subfield code="h">1316</marc:subfield>
        </marc:datafield>
        <marc:datafield tag="CAT" ind1=" " ind2=" ">
            <marc:subfield code="a">BATCH-UPD</marc:subfield>
            <marc:subfield code="b">20</marc:subfield>
            <marc:subfield code="c">20150714</marc:subfield>
            <marc:subfield code="l">UXU01</marc:subfield>
            <marc:subfield code="h">1545</marc:subfield>
        </marc:datafield>
        <marc:datafield tag="CAT" ind1=" " ind2=" ">
            <marc:subfield code="a">BATCH-UPD</marc:subfield>
            <marc:subfield code="b">20</marc:subfield>
            <marc:subfield code="c">20150724</marc:subfield>
            <marc:subfield code="l">UXU01</marc:subfield>
            <marc:subfield code="h">1249</marc:subfield>
        </marc:datafield>
        <marc:datafield tag="CAT" ind1=" " ind2=" ">
            <marc:subfield code="a">FCLDEC</marc:subfield>
            <marc:subfield code="b">20</marc:subfield>
            <marc:subfield code="c">20151013</marc:subfield>
            <marc:subfield code="l">UXU01</marc:subfield>
            <marc:subfield code="h">1134</marc:subfield>
        </marc:datafield>
        <marc:datafield tag="CAT" ind1=" " ind2=" ">
            <marc:subfield code="a">fenichele</marc:subfield>
            <marc:subfield code="b">20</marc:subfield>
            <marc:subfield code="c">20151118</marc:subfield>
            <marc:subfield code="l">UXU01</marc:subfield>
            <marc:subfield code="h">1420</marc:subfield>
        </marc:datafield>
        <marc:datafield tag="CAT" ind1=" " ind2=" ">
            <marc:subfield code="a">fenichele</marc:subfield>
            <marc:subfield code="b">20</marc:subfield>
            <marc:subfield code="c">20151118</marc:subfield>
            <marc:subfield code="l">UXU01</marc:subfield>
            <marc:subfield code="h">1548</marc:subfield>
        </marc:datafield>
        <marc:datafield tag="CAT" ind1=" " ind2=" ">
            <marc:subfield code="a">FENICHELE</marc:subfield>
            <marc:subfield code="b">20</marc:subfield>
            <marc:subfield code="c">20151119</marc:subfield>
            <marc:subfield code="l">UXU01</marc:subfield>
            <marc:subfield code="h">0853</marc:subfield>
        </marc:datafield>
        <marc:datafield tag="CAT" ind1=" " ind2=" ">
            <marc:subfield code="a">fenichele</marc:subfield>
            <marc:subfield code="b">20</marc:subfield>
            <marc:subfield code="c">20151126</marc:subfield>
            <marc:subfield code="l">UXU01</marc:subfield>
            <marc:subfield code="h">0933</marc:subfield>
        </marc:datafield>
        <marc:datafield tag="CAT" ind1=" " ind2=" ">
            <marc:subfield code="a">fenichele</marc:subfield>
            <marc:subfield code="b">20</marc:subfield>
            <marc:subfield code="c">20151126</marc:subfield>
            <marc:subfield code="l">UXU01</marc:subfield>
            <marc:subfield code="h">0937</marc:subfield>
        </marc:datafield>
        <marc:datafield tag="CAT" ind1=" " ind2=" ">
            <marc:subfield code="a">FENICHELE</marc:subfield>
            <marc:subfield code="b">20</marc:subfield>
            <marc:subfield code="c">20151126</marc:subfield>
            <marc:subfield code="l">UXU01</marc:subfield>
            <marc:subfield code="h">0948</marc:subfield>
        </marc:datafield>
        <marc:datafield tag="CAT" ind1=" " ind2=" ">
            <marc:subfield code="a">fenichele</marc:subfield>
            <marc:subfield code="b">20</marc:subfield>
            <marc:subfield code="c">20151127</marc:subfield>
            <marc:subfield code="l">UXU01</marc:subfield>
            <marc:subfield code="h">0103</marc:subfield>
        </marc:datafield>
        <marc:datafield tag="CAT" ind1=" " ind2=" ">
            <marc:subfield code="a">fenichele</marc:subfield>
            <marc:subfield code="b">20</marc:subfield>
            <marc:subfield code="c">20151127</marc:subfield>
            <marc:subfield code="l">UXU01</marc:subfield>
            <marc:subfield code="h">0300</marc:subfield>
        </marc:datafield>
        <marc:datafield tag="CAT" ind1=" " ind2=" ">
            <marc:subfield code="a">FCLEMH</marc:subfield>
            <marc:subfield code="b">20</marc:subfield>
            <marc:subfield code="c">20160521</marc:subfield>
            <marc:subfield code="l">UXU01</marc:subfield>
            <marc:subfield code="h">0052</marc:subfield>
        </marc:datafield>
        <marc:datafield tag="CAT" ind1=" " ind2=" ">
            <marc:subfield code="a">EHOLMES</marc:subfield>
            <marc:subfield code="b">20</marc:subfield>
            <marc:subfield code="c">20161221</marc:subfield>
            <marc:subfield code="l">UXU01</marc:subfield>
            <marc:subfield code="h">1510</marc:subfield>
        </marc:datafield>
        <marc:datafield tag="CAT" ind1=" " ind2=" ">
            <marc:subfield code="a">EHOLMES</marc:subfield>
            <marc:subfield code="b">20</marc:subfield>
            <marc:subfield code="c">20170927</marc:subfield>
            <marc:subfield code="l">UXU01</marc:subfield>
            <marc:subfield code="h">1550</marc:subfield>
        </marc:datafield>
        <marc:datafield tag="CAT" ind1=" " ind2=" ">
            <marc:subfield code="a">EHOLMES</marc:subfield>
            <marc:subfield code="b">20</marc:subfield>
            <marc:subfield code="c">20171109</marc:subfield>
            <marc:subfield code="l">UXU01</marc:subfield>
            <marc:subfield code="h">1554</marc:subfield>
        </marc:datafield>
        <marc:datafield tag="CAT" ind1=" " ind2=" ">
            <marc:subfield code="a">FCLEMH</marc:subfield>
            <marc:subfield code="b">20</marc:subfield>
            <marc:subfield code="c">20180315</marc:subfield>
            <marc:subfield code="l">UXU01</marc:subfield>
            <marc:subfield code="h">1303</marc:subfield>
        </marc:datafield>
        <marc:datafield tag="CAT" ind1=" " ind2=" ">
            <marc:subfield code="a">EHOLMES</marc:subfield>
            <marc:subfield code="b">20</marc:subfield>
            <marc:subfield code="c">20180412</marc:subfield>
            <marc:subfield code="l">UXU01</marc:subfield>
            <marc:subfield code="h">1429</marc:subfield>
        </marc:datafield>
        <marc:datafield tag="951" ind1=" " ind2=" ">
            <marc:subfield code="1">01</marc:subfield>
            <marc:subfield code="a">AMU01:000440103;</marc:subfield>
            <marc:subfield code="5">FTaFA</marc:subfield>
        </marc:datafield>
        <marc:datafield tag="951" ind1=" " ind2=" ">
            <marc:subfield code="1">07</marc:subfield>
            <marc:subfield code="a">CFU01:000907835;</marc:subfield>
            <marc:subfield code="5">FOFT</marc:subfield>
        </marc:datafield>
        <marc:datafield tag="951" ind1=" " ind2=" ">
            <marc:subfield code="1">02</marc:subfield>
            <marc:subfield code="a">FAU01:000796338;</marc:subfield>
            <marc:subfield code="5">FBoU</marc:subfield>
        </marc:datafield>
        <marc:datafield tag="951" ind1=" " ind2=" ">
            <marc:subfield code="1">04</marc:subfield>
            <marc:subfield code="a">FIU01:000942424;</marc:subfield>
            <marc:subfield code="5">FMFIU</marc:subfield>
        </marc:datafield>
        <marc:datafield tag="951" ind1=" " ind2=" ">
            <marc:subfield code="1">05</marc:subfield>
            <marc:subfield code="a">FSU01:001863697;</marc:subfield>
            <marc:subfield code="5">FTaSU</marc:subfield>
        </marc:datafield>
        <marc:datafield tag="951" ind1=" " ind2=" ">
            <marc:subfield code="1">09</marc:subfield>
            <marc:subfield code="a">NFU01:000531138;</marc:subfield>
            <marc:subfield code="5">FJUNF</marc:subfield>
        </marc:datafield>
        <marc:datafield tag="951" ind1=" " ind2=" ">
            <marc:subfield code="1">10</marc:subfield>
            <marc:subfield code="a">SFU01:001303422;</marc:subfield>
            <marc:subfield code="5">FTS</marc:subfield>
        </marc:datafield>
        <marc:datafield tag="951" ind1=" " ind2=" ">
            <marc:subfield code="1">08</marc:subfield>
            <marc:subfield code="a">UFU01:002717839;</marc:subfield>
            <marc:subfield code="5">FU</marc:subfield>
        </marc:datafield>
        <marc:datafield tag="951" ind1=" " ind2=" ">
            <marc:subfield code="1">11</marc:subfield>
            <marc:subfield code="a">WFU01:000503781;</marc:subfield>
            <marc:subfield code="5">FPeU</marc:subfield>
        </marc:datafield>
        <marc:datafield tag="999" ind1=" " ind2=" ">
            <marc:subfield code="a">ACJ0373001</marc:subfield>
        </marc:datafield>
        <marc:datafield tag="999" ind1=" " ind2=" ">
            <marc:subfield code="a">AEE9695001</marc:subfield>
        </marc:datafield>
        <marc:datafield tag="999" ind1=" " ind2=" ">
            <marc:subfield code="a">AEV3879001</marc:subfield>
        </marc:datafield>
        <marc:datafield tag="999" ind1=" " ind2=" ">
            <marc:subfield code="a">AKY6724001</marc:subfield>
        </marc:datafield>
        <marc:datafield tag="999" ind1=" " ind2=" ">
            <marc:subfield code="a">ANJ5558001</marc:subfield>
        </marc:datafield>
        <marc:datafield tag="999" ind1=" " ind2=" ">
            <marc:subfield code="a">ABZ0715001</marc:subfield>
        </marc:datafield>
        <marc:datafield tag="999" ind1=" " ind2=" ">
            <marc:subfield code="a">ACM3742001</marc:subfield>
        </marc:datafield>
        <marc:datafield tag="999" ind1=" " ind2=" ">
            <marc:subfield code="a">AEW8389001</marc:subfield>
        </marc:datafield>
    </marc:record>