
    <marc:record>
        <marc:leader>04274nam a2201105 a 4500</marc:leader>
        <marc:controlfield tag="001">020015149</marc:controlfield>
        <marc:controlfield tag="004">WFACJ7269001</marc:controlfield>
        <marc:controlfield tag="005">20180430121005.0</marc:controlfield>
        <marc:controlfield tag="008">000320s1999    mdua    s    f000|0 eng c</marc:controlfield>
        <marc:datafield tag="STA" ind1=" " ind2=" ">
            <marc:subfield code="a">DO NOT OFFLOAD</marc:subfield>
            <marc:subfield code="5">FU</marc:subfield>
            <marc:subfield code="5">FFmFGC</marc:subfield>
            <marc:subfield code="5">FBoU</marc:subfield>
            <marc:subfield code="5">FTS</marc:subfield>
            <marc:subfield code="5">FTaSU</marc:subfield>
            <marc:subfield code="5">FOFT</marc:subfield>
            <marc:subfield code="5">FMFIU</marc:subfield>
        </marc:datafield>
        <marc:datafield tag="035" ind1=" " ind2=" ">
            <marc:subfield code="a">(OCoLC)43668682</marc:subfield>
        </marc:datafield>
        <marc:datafield tag="TKR" ind1=" " ind2=" ">
            <marc:subfield code="a">(DGPO)govdoc20010621 B</marc:subfield>
        </marc:datafield>
        <marc:datafield tag="TKR" ind1=" " ind2=" ">
            <marc:subfield code="a">(Source)SLM016 - 426</marc:subfield>
        </marc:datafield>
        <marc:datafield tag="TKR" ind1=" " ind2=" ">
            <marc:subfield code="a">(Source)SLM016 - 426</marc:subfield>
        </marc:datafield>
        <marc:datafield tag="TKR" ind1=" " ind2=" ">
            <marc:subfield code="a">(DGPO)govdoc20010621</marc:subfield>
        </marc:datafield>
        <marc:datafield tag="TKR" ind1=" " ind2=" ">
            <marc:subfield code="a">(FFmFGC)RETRO HOL E-GOV DOCS 20180425</marc:subfield>
        </marc:datafield>
        <marc:datafield tag="TKR" ind1=" " ind2=" ">
            <marc:subfield code="a">(DGPO)govdoc20010621</marc:subfield>
        </marc:datafield>
        <marc:datafield tag="TKR" ind1=" " ind2=" ">
            <marc:subfield code="a">(Source)SLM016 - 426</marc:subfield>
        </marc:datafield>
        <marc:datafield tag="TKR" ind1=" " ind2=" ">
            <marc:subfield code="a">(DGPO)mrcv UP 20010621</marc:subfield>
        </marc:datafield>
        <marc:datafield tag="TKR" ind1=" " ind2=" ">
            <marc:subfield code="a">(Source)SLM016 - 426</marc:subfield>
        </marc:datafield>
        <marc:datafield tag="TKR" ind1=" " ind2=" ">
            <marc:subfield code="a">(DGPO)govdoc20010621</marc:subfield>
        </marc:datafield>
        <marc:datafield tag="OWN" ind1=" " ind2=" ">
            <marc:subfield code="a">WF</marc:subfield>
        </marc:datafield>
        <marc:datafield tag="OWN" ind1=" " ind2=" ">
            <marc:subfield code="a">FS</marc:subfield>
        </marc:datafield>
        <marc:datafield tag="OWN" ind1=" " ind2=" ">
            <marc:subfield code="a">UF</marc:subfield>
        </marc:datafield>
        <marc:datafield tag="OWN" ind1=" " ind2=" ">
            <marc:subfield code="a">GC</marc:subfield>
        </marc:datafield>
        <marc:datafield tag="OWN" ind1=" " ind2=" ">
            <marc:subfield code="a">FA</marc:subfield>
        </marc:datafield>
        <marc:datafield tag="OWN" ind1=" " ind2=" ">
            <marc:subfield code="a">FI</marc:subfield>
        </marc:datafield>
        <marc:datafield tag="OWN" ind1=" " ind2=" ">
            <marc:subfield code="a">CF</marc:subfield>
        </marc:datafield>
        <marc:datafield tag="OWN" ind1=" " ind2=" ">
            <marc:subfield code="a">SF</marc:subfield>
        </marc:datafield>
        <marc:datafield tag="040" ind1=" " ind2=" ">
            <marc:subfield code="a">OLA</marc:subfield>
            <marc:subfield code="c">OLA</marc:subfield>
            <marc:subfield code="d">GPO</marc:subfield>
            <marc:subfield code="d">DLC</marc:subfield>
            <marc:subfield code="d">MvI</marc:subfield>
        </marc:datafield>
        <marc:datafield tag="042" ind1=" " ind2=" ">
            <marc:subfield code="a">pcc</marc:subfield>
        </marc:datafield>
        <marc:datafield tag="043" ind1=" " ind2=" ">
            <marc:subfield code="a">n-us---</marc:subfield>
        </marc:datafield>
        <marc:datafield tag="074" ind1=" " ind2=" ">
            <marc:subfield code="a">0275 (online)</marc:subfield>
        </marc:datafield>
        <marc:datafield tag="086" ind1="0" ind2=" ">
            <marc:subfield code="a">C 55.102:2001005779</marc:subfield>
        </marc:datafield>
        <marc:datafield tag="090" ind1=" " ind2=" ">
            <marc:subfield code="a">QC875.U6</marc:subfield>
            <marc:subfield code="b">U56 1999</marc:subfield>
        </marc:datafield>
        <marc:datafield tag="110" ind1="1" ind2=" ">
            <marc:subfield code="a">United States.</marc:subfield>
            <marc:subfield code="b">National Weather Service</marc:subfield>
        </marc:datafield>
        <marc:datafield tag="245" ind1="1" ind2="0">
            <marc:subfield code="a">Vision 2005 :</marc:subfield>
            <marc:subfield code="b">National Weather Service strategic plan for weather, water, and climate services, 2000-2005.</marc:subfield>
        </marc:datafield>
        <marc:datafield tag="246" ind1="3" ind2="0">
            <marc:subfield code="a">National Weather Service strategic plan for weather, water, and climate services, 2000-2005</marc:subfield>
        </marc:datafield>
        <marc:datafield tag="260" ind1=" " ind2=" ">
            <marc:subfield code="a">[Silver Spring, Md.?] :</marc:subfield>
            <marc:subfield code="b">U.S. Dept. of Commerce, National Oceanic and Atmospheric Administration, National Weather Service,</marc:subfield>
            <marc:subfield code="c">[1999]</marc:subfield>
        </marc:datafield>
        <marc:datafield tag="300" ind1=" " ind2=" ">
            <marc:subfield code="a">24 p. :</marc:subfield>
            <marc:subfield code="b">col. ill. ;</marc:subfield>
            <marc:subfield code="c">28 cm.</marc:subfield>
        </marc:datafield>
        <marc:datafield tag="500" ind1=" " ind2=" ">
            <marc:subfield code="a">Title from title screen.</marc:subfield>
            <marc:subfield code="5">FTaSU</marc:subfield>
        </marc:datafield>
        <marc:datafield tag="500" ind1=" " ind2=" ">
            <marc:subfield code="a">&quot;August 1999.&quot;</marc:subfield>
            <marc:subfield code="5">FPeU</marc:subfield>
            <marc:subfield code="5">FU</marc:subfield>
            <marc:subfield code="5">FFmFGC</marc:subfield>
            <marc:subfield code="5">FBoU</marc:subfield>
            <marc:subfield code="5">FTS</marc:subfield>
            <marc:subfield code="5">FTaSU</marc:subfield>
            <marc:subfield code="5">FOFT</marc:subfield>
            <marc:subfield code="5">FMFIU</marc:subfield>
        </marc:datafield>
        <marc:datafield tag="500" ind1=" " ind2=" ">
            <marc:subfield code="a">Not distributed to depository libraries in a physical form.</marc:subfield>
            <marc:subfield code="5">FPeU</marc:subfield>
            <marc:subfield code="5">FU</marc:subfield>
            <marc:subfield code="5">FFmFGC</marc:subfield>
            <marc:subfield code="5">FBoU</marc:subfield>
            <marc:subfield code="5">FTS</marc:subfield>
            <marc:subfield code="5">FOFT</marc:subfield>
            <marc:subfield code="5">FMFIU</marc:subfield>
        </marc:datafield>
        <marc:datafield tag="530" ind1=" " ind2=" ">
            <marc:subfield code="a">Available via Internet from the NWS web site. Address as of 5/14/01: http://www.nws.noaa.gov/sp/strplan.htm; current access is available via PURL.</marc:subfield>
            <marc:subfield code="5">FPeU</marc:subfield>
            <marc:subfield code="5">FU</marc:subfield>
            <marc:subfield code="5">FFmFGC</marc:subfield>
            <marc:subfield code="5">FBoU</marc:subfield>
            <marc:subfield code="5">FTS</marc:subfield>
            <marc:subfield code="5">FOFT</marc:subfield>
            <marc:subfield code="5">FMFIU</marc:subfield>
        </marc:datafield>
        <marc:datafield tag="538" ind1=" " ind2=" ">
            <marc:subfield code="a">Mode of access: Internet from the NWS web site. Address as of 5/14/01: http://www.nws.noaa.gov/sp/strplan.htm; current access is available via PURL.</marc:subfield>
            <marc:subfield code="5">FTaSU</marc:subfield>
        </marc:datafield>
        <marc:datafield tag="610" ind1="1" ind2="0">
            <marc:subfield code="a">United States.</marc:subfield>
            <marc:subfield code="b">National Weather Service</marc:subfield>
            <marc:subfield code="x">Planning.</marc:subfield>
        </marc:datafield>
        <marc:datafield tag="650" ind1=" " ind2="0">
            <marc:subfield code="a">Meteorological services</marc:subfield>
            <marc:subfield code="z">United States</marc:subfield>
            <marc:subfield code="x">Planning.</marc:subfield>
        </marc:datafield>
        <marc:datafield tag="856" ind1="4" ind2="1">
            <marc:subfield code="u">http://www.nws.noaa.gov/sp/strplan.htm</marc:subfield>
            <marc:subfield code="5">FPeU</marc:subfield>
        </marc:datafield>
        <marc:datafield tag="856" ind1="4" ind2="1">
            <marc:subfield code="u">http://purl.access.gpo.gov/GPO/LPS11950</marc:subfield>
        </marc:datafield>
        <marc:datafield tag="852" ind1="3" ind2=" ">
            <marc:subfield code="a">FPeU</marc:subfield>
            <marc:subfield code="b">WFPAC</marc:subfield>
            <marc:subfield code="c">PDUER</marc:subfield>
            <marc:subfield code="h">C 55.102:2001005779</marc:subfield>
            <marc:subfield code="z">Available on the Internet.</marc:subfield>
        </marc:datafield>
        <marc:datafield tag="856" ind1="4" ind2="0">
            <marc:subfield code="x">migrated</marc:subfield>
        </marc:datafield>
        <marc:datafield tag="852" ind1="8" ind2=" ">
            <marc:subfield code="a">FTaSU</marc:subfield>
            <marc:subfield code="b">FSUER</marc:subfield>
            <marc:subfield code="c">ERES</marc:subfield>
        </marc:datafield>
        <marc:datafield tag="852" ind1=" " ind2=" ">
            <marc:subfield code="a">FU</marc:subfield>
            <marc:subfield code="b">UFER</marc:subfield>
            <marc:subfield code="c">DOCS</marc:subfield>
        </marc:datafield>
        <marc:datafield tag="852" ind1=" " ind2=" ">
            <marc:subfield code="a">FFmFGC</marc:subfield>
            <marc:subfield code="b">GCUMN</marc:subfield>
            <marc:subfield code="c">ELEC</marc:subfield>
        </marc:datafield>
        <marc:datafield tag="852" ind1=" " ind2=" ">
            <marc:subfield code="a">FBoU</marc:subfield>
            <marc:subfield code="b">FAUER</marc:subfield>
            <marc:subfield code="c">ELEC</marc:subfield>
        </marc:datafield>
        <marc:datafield tag="852" ind1=" " ind2=" ">
            <marc:subfield code="a">FMFIU</marc:subfield>
            <marc:subfield code="b">FIELR</marc:subfield>
            <marc:subfield code="c">ELRUS</marc:subfield>
        </marc:datafield>
        <marc:datafield tag="852" ind1="3" ind2=" ">
            <marc:subfield code="a">FOFT</marc:subfield>
            <marc:subfield code="b">CFELE</marc:subfield>
            <marc:subfield code="c">DOCS</marc:subfield>
            <marc:subfield code="h">C 55.102:2001005779(online)</marc:subfield>
        </marc:datafield>
        <marc:datafield tag="852" ind1="3" ind2=" ">
            <marc:subfield code="a">FTS</marc:subfield>
            <marc:subfield code="b">SFTMP</marc:subfield>
            <marc:subfield code="c">DOC</marc:subfield>
            <marc:subfield code="h">C 55.102:2001005779</marc:subfield>
        </marc:datafield>
        <marc:datafield tag="852" ind1="3" ind2=" ">
            <marc:subfield code="a">FPeU</marc:subfield>
            <marc:subfield code="b">WFPAC</marc:subfield>
            <marc:subfield code="c">PDUER</marc:subfield>
            <marc:subfield code="h">C 55.102:2001005779</marc:subfield>
            <marc:subfield code="z">Available on the Internet.</marc:subfield>
        </marc:datafield>
        <marc:datafield tag="852" ind1="8" ind2=" ">
            <marc:subfield code="a">FTaSU</marc:subfield>
            <marc:subfield code="b">FSUER</marc:subfield>
            <marc:subfield code="c">ERES</marc:subfield>
        </marc:datafield>
        <marc:datafield tag="852" ind1=" " ind2=" ">
            <marc:subfield code="a">FU</marc:subfield>
            <marc:subfield code="b">UFER</marc:subfield>
            <marc:subfield code="c">DOCS</marc:subfield>
        </marc:datafield>
        <marc:datafield tag="852" ind1=" " ind2=" ">
            <marc:subfield code="a">FFmFGC</marc:subfield>
            <marc:subfield code="b">GCUMN</marc:subfield>
            <marc:subfield code="c">ELEC</marc:subfield>
        </marc:datafield>
        <marc:datafield tag="852" ind1=" " ind2=" ">
            <marc:subfield code="a">FBoU</marc:subfield>
            <marc:subfield code="b">FAUER</marc:subfield>
            <marc:subfield code="c">ELEC</marc:subfield>
        </marc:datafield>
        <marc:datafield tag="852" ind1=" " ind2=" ">
            <marc:subfield code="a">FMFIU</marc:subfield>
            <marc:subfield code="b">FIELR</marc:subfield>
            <marc:subfield code="c">ELRUS</marc:subfield>
        </marc:datafield>
        <marc:datafield tag="852" ind1="3" ind2=" ">
            <marc:subfield code="a">FOFT</marc:subfield>
            <marc:subfield code="b">CFELE</marc:subfield>
            <marc:subfield code="c">DOCS</marc:subfield>
            <marc:subfield code="h">C 55.102:2001005779(online)</marc:subfield>
        </marc:datafield>
        <marc:datafield tag="852" ind1="3" ind2=" ">
            <marc:subfield code="a">FTS</marc:subfield>
            <marc:subfield code="b">SFTMP</marc:subfield>
            <marc:subfield code="c">DOC</marc:subfield>
            <marc:subfield code="h">C 55.102:2001005779</marc:subfield>
        </marc:datafield>
        <marc:datafield tag="NCO" ind1=" " ind2=" ">
            <marc:subfield code="a">blank</marc:subfield>
        </marc:datafield>
        <marc:datafield tag="CAT" ind1=" " ind2=" ">
            <marc:subfield code="a">SBMERGE</marc:subfield>
            <marc:subfield code="b">20</marc:subfield>
            <marc:subfield code="c">20120623</marc:subfield>
            <marc:subfield code="l">UXU01</marc:subfield>
            <marc:subfield code="h">0755</marc:subfield>
        </marc:datafield>
        <marc:datafield tag="CAT" ind1=" " ind2=" ">
            <marc:subfield code="a">BATCH-UPD</marc:subfield>
            <marc:subfield code="b">20</marc:subfield>
            <marc:subfield code="c">20151008</marc:subfield>
            <marc:subfield code="l">UXU01</marc:subfield>
            <marc:subfield code="h">2123</marc:subfield>
        </marc:datafield>
        <marc:datafield tag="CAT" ind1=" " ind2=" ">
            <marc:subfield code="a">FCLDEC</marc:subfield>
            <marc:subfield code="b">20</marc:subfield>
            <marc:subfield code="c">20151013</marc:subfield>
            <marc:subfield code="l">UXU01</marc:subfield>
            <marc:subfield code="h">1235</marc:subfield>
        </marc:datafield>
        <marc:datafield tag="CAT" ind1=" " ind2=" ">
            <marc:subfield code="a">FCLMOD</marc:subfield>
            <marc:subfield code="b">20</marc:subfield>
            <marc:subfield code="c">20170112</marc:subfield>
            <marc:subfield code="l">UXU01</marc:subfield>
            <marc:subfield code="h">1611</marc:subfield>
        </marc:datafield>
        <marc:datafield tag="CAT" ind1=" " ind2=" ">
            <marc:subfield code="a">BATCH-UPD</marc:subfield>
            <marc:subfield code="b">20</marc:subfield>
            <marc:subfield code="c">20171105</marc:subfield>
            <marc:subfield code="l">UXU01</marc:subfield>
            <marc:subfield code="h">0432</marc:subfield>
        </marc:datafield>
        <marc:datafield tag="CAT" ind1=" " ind2=" ">
            <marc:subfield code="a">FCLDEC</marc:subfield>
            <marc:subfield code="b">20</marc:subfield>
            <marc:subfield code="c">20180418</marc:subfield>
            <marc:subfield code="l">UXU01</marc:subfield>
            <marc:subfield code="h">1441</marc:subfield>
        </marc:datafield>
        <marc:datafield tag="CAT" ind1=" " ind2=" ">
            <marc:subfield code="a">FCLDEC</marc:subfield>
            <marc:subfield code="b">20</marc:subfield>
            <marc:subfield code="c">20180418</marc:subfield>
            <marc:subfield code="l">UXU01</marc:subfield>
            <marc:subfield code="h">1613</marc:subfield>
        </marc:datafield>
        <marc:datafield tag="CAT" ind1=" " ind2=" ">
            <marc:subfield code="a">FCLDEC</marc:subfield>
            <marc:subfield code="b">20</marc:subfield>
            <marc:subfield code="c">20180418</marc:subfield>
            <marc:subfield code="l">UXU01</marc:subfield>
            <marc:subfield code="h">1656</marc:subfield>
        </marc:datafield>
        <marc:datafield tag="CAT" ind1=" " ind2=" ">
            <marc:subfield code="a">FCLDEC</marc:subfield>
            <marc:subfield code="b">20</marc:subfield>
            <marc:subfield code="c">20180419</marc:subfield>
            <marc:subfield code="l">UXU01</marc:subfield>
            <marc:subfield code="h">2003</marc:subfield>
        </marc:datafield>
        <marc:datafield tag="CAT" ind1=" " ind2=" ">
            <marc:subfield code="a">FCLDEC</marc:subfield>
            <marc:subfield code="b">20</marc:subfield>
            <marc:subfield code="c">20180425</marc:subfield>
            <marc:subfield code="l">UXU01</marc:subfield>
            <marc:subfield code="h">2343</marc:subfield>
        </marc:datafield>
        <marc:datafield tag="CAT" ind1=" " ind2=" ">
            <marc:subfield code="a">FCLDEC</marc:subfield>
            <marc:subfield code="b">20</marc:subfield>
            <marc:subfield code="c">20180430</marc:subfield>
            <marc:subfield code="l">UXU01</marc:subfield>
            <marc:subfield code="h">1210</marc:subfield>
        </marc:datafield>
        <marc:datafield tag="951" ind1=" " ind2=" ">
            <marc:subfield code="1">07</marc:subfield>
            <marc:subfield code="a">CFU01:000917113;</marc:subfield>
            <marc:subfield code="5">FOFT</marc:subfield>
        </marc:datafield>
        <marc:datafield tag="951" ind1=" " ind2=" ">
            <marc:subfield code="1">02</marc:subfield>
            <marc:subfield code="a">FAU01:000804098;</marc:subfield>
            <marc:subfield code="5">FBoU</marc:subfield>
        </marc:datafield>
        <marc:datafield tag="951" ind1=" " ind2=" ">
            <marc:subfield code="1">04</marc:subfield>
            <marc:subfield code="a">FIU01:000949789;</marc:subfield>
            <marc:subfield code="5">FMFIU</marc:subfield>
        </marc:datafield>
        <marc:datafield tag="951" ind1=" " ind2=" ">
            <marc:subfield code="1">05</marc:subfield>
            <marc:subfield code="a">FSU01:001870889;</marc:subfield>
            <marc:subfield code="5">FTaSU</marc:subfield>
        </marc:datafield>
        <marc:datafield tag="951" ind1=" " ind2=" ">
            <marc:subfield code="1">03</marc:subfield>
            <marc:subfield code="a">GCU01:000249320;</marc:subfield>
            <marc:subfield code="5">FFmFGC</marc:subfield>
        </marc:datafield>
        <marc:datafield tag="951" ind1=" " ind2=" ">
            <marc:subfield code="1">10</marc:subfield>
            <marc:subfield code="a">SFU01:001297402;</marc:subfield>
            <marc:subfield code="5">FTS</marc:subfield>
        </marc:datafield>
        <marc:datafield tag="951" ind1=" " ind2=" ">
            <marc:subfield code="1">08</marc:subfield>
            <marc:subfield code="a">UFU01:002726315;</marc:subfield>
            <marc:subfield code="5">FU</marc:subfield>
        </marc:datafield>
        <marc:datafield tag="951" ind1=" " ind2=" ">
            <marc:subfield code="1">11</marc:subfield>
            <marc:subfield code="a">WFU01:000510649;</marc:subfield>
            <marc:subfield code="5">FPeU</marc:subfield>
        </marc:datafield>
        <marc:datafield tag="999" ind1=" " ind2=" ">
            <marc:subfield code="a">ACJ7269001</marc:subfield>
        </marc:datafield>
        <marc:datafield tag="999" ind1=" " ind2=" ">
            <marc:subfield code="a">AKZ3937001</marc:subfield>
        </marc:datafield>
        <marc:datafield tag="999" ind1=" " ind2=" ">
            <marc:subfield code="a">ANK4065001</marc:subfield>
        </marc:datafield>
        <marc:datafield tag="OLD" ind1=" " ind2=" ">
            <marc:subfield code="a">new</marc:subfield>
            <marc:subfield code="b">20180425</marc:subfield>
        </marc:datafield>
        <marc:datafield tag="999" ind1=" " ind2=" ">
            <marc:subfield code="a">AEF7483001</marc:subfield>
        </marc:datafield>
        <marc:datafield tag="999" ind1=" " ind2=" ">
            <marc:subfield code="a">AEX5764001</marc:subfield>
        </marc:datafield>
        <marc:datafield tag="999" ind1=" " ind2=" ">
            <marc:subfield code="a">AEW3231001</marc:subfield>
        </marc:datafield>
        <marc:datafield tag="999" ind1=" " ind2=" ">
            <marc:subfield code="a">AHT8073001</marc:subfield>
        </marc:datafield>
    </marc:record>