
    <marc:record>
        <marc:leader>04612nam a2201141 a 4500</marc:leader>
        <marc:controlfield tag="001">020015299</marc:controlfield>
        <marc:controlfield tag="004">WFACJ7272001</marc:controlfield>
        <marc:controlfield tag="005">20180430121024.0</marc:controlfield>
        <marc:controlfield tag="008">000229s2000    dcu     sb   f000|0 eng  </marc:controlfield>
        <marc:datafield tag="STA" ind1=" " ind2=" ">
            <marc:subfield code="a">DO NOT OFFLOAD</marc:subfield>
            <marc:subfield code="5">FPeU</marc:subfield>
            <marc:subfield code="5">FU</marc:subfield>
            <marc:subfield code="5">FFmFGC</marc:subfield>
            <marc:subfield code="5">FBoU</marc:subfield>
            <marc:subfield code="5">FTS</marc:subfield>
            <marc:subfield code="5">FTaSU</marc:subfield>
            <marc:subfield code="5">FTaFA</marc:subfield>
            <marc:subfield code="5">FOFT</marc:subfield>
            <marc:subfield code="5">FMFIU</marc:subfield>
        </marc:datafield>
        <marc:datafield tag="010" ind1=" " ind2=" ">
            <marc:subfield code="a">   00301759 </marc:subfield>
        </marc:datafield>
        <marc:datafield tag="035" ind1=" " ind2=" ">
            <marc:subfield code="a">(OCoLC)44110617</marc:subfield>
        </marc:datafield>
        <marc:datafield tag="TKR" ind1=" " ind2=" ">
            <marc:subfield code="a">(DGPO)govdoc20010621 B</marc:subfield>
        </marc:datafield>
        <marc:datafield tag="TKR" ind1=" " ind2=" ">
            <marc:subfield code="a">(Source)SLM016 - 438</marc:subfield>
        </marc:datafield>
        <marc:datafield tag="TKR" ind1=" " ind2=" ">
            <marc:subfield code="a">(Source)SLM016 - 438</marc:subfield>
        </marc:datafield>
        <marc:datafield tag="TKR" ind1=" " ind2=" ">
            <marc:subfield code="a">(DGPO)govdoc20010621</marc:subfield>
        </marc:datafield>
        <marc:datafield tag="TKR" ind1=" " ind2=" ">
            <marc:subfield code="a">(FFmFGC)RETRO HOL E-GOV DOCS 20180425</marc:subfield>
        </marc:datafield>
        <marc:datafield tag="TKR" ind1=" " ind2=" ">
            <marc:subfield code="a">(Source)SLM016 - 438</marc:subfield>
        </marc:datafield>
        <marc:datafield tag="TKR" ind1=" " ind2=" ">
            <marc:subfield code="a">(DGPO)govdoc20010621</marc:subfield>
        </marc:datafield>
        <marc:datafield tag="TKR" ind1=" " ind2=" ">
            <marc:subfield code="a">(DGPO)govdoc20010621</marc:subfield>
        </marc:datafield>
        <marc:datafield tag="TKR" ind1=" " ind2=" ">
            <marc:subfield code="a">(Source)SLM016 - 438</marc:subfield>
        </marc:datafield>
        <marc:datafield tag="TKR" ind1=" " ind2=" ">
            <marc:subfield code="a">(DGPO)mrcv UP 20010621</marc:subfield>
        </marc:datafield>
        <marc:datafield tag="TKR" ind1=" " ind2=" ">
            <marc:subfield code="a">(Source)SLM016 - 438</marc:subfield>
        </marc:datafield>
        <marc:datafield tag="TKR" ind1=" " ind2=" ">
            <marc:subfield code="a">(DGPO)govdoc20010621</marc:subfield>
        </marc:datafield>
        <marc:datafield tag="OWN" ind1=" " ind2=" ">
            <marc:subfield code="a">WF</marc:subfield>
        </marc:datafield>
        <marc:datafield tag="OWN" ind1=" " ind2=" ">
            <marc:subfield code="a">FS</marc:subfield>
        </marc:datafield>
        <marc:datafield tag="OWN" ind1=" " ind2=" ">
            <marc:subfield code="a">UF</marc:subfield>
        </marc:datafield>
        <marc:datafield tag="OWN" ind1=" " ind2=" ">
            <marc:subfield code="a">GC</marc:subfield>
        </marc:datafield>
        <marc:datafield tag="OWN" ind1=" " ind2=" ">
            <marc:subfield code="a">AM</marc:subfield>
        </marc:datafield>
        <marc:datafield tag="OWN" ind1=" " ind2=" ">
            <marc:subfield code="a">FA</marc:subfield>
        </marc:datafield>
        <marc:datafield tag="OWN" ind1=" " ind2=" ">
            <marc:subfield code="a">FI</marc:subfield>
        </marc:datafield>
        <marc:datafield tag="OWN" ind1=" " ind2=" ">
            <marc:subfield code="a">CF</marc:subfield>
        </marc:datafield>
        <marc:datafield tag="040" ind1=" " ind2=" ">
            <marc:subfield code="a">DLC</marc:subfield>
            <marc:subfield code="c">DLC</marc:subfield>
            <marc:subfield code="d">GPO</marc:subfield>
            <marc:subfield code="d">DLC</marc:subfield>
            <marc:subfield code="d">MvI</marc:subfield>
        </marc:datafield>
        <marc:datafield tag="050" ind1="0" ind2="0">
            <marc:subfield code="a">HD4966.C6</marc:subfield>
            <marc:subfield code="b">W34 2000</marc:subfield>
        </marc:datafield>
        <marc:datafield tag="074" ind1=" " ind2=" ">
            <marc:subfield code="a">0745-A-01 (online)</marc:subfield>
        </marc:datafield>
        <marc:datafield tag="082" ind1="0" ind2="0">
            <marc:subfield code="a">331.2/887/09049</marc:subfield>
            <marc:subfield code="2">21</marc:subfield>
        </marc:datafield>
        <marc:datafield tag="086" ind1="0" ind2=" ">
            <marc:subfield code="a">L 29.2:2000010547</marc:subfield>
        </marc:datafield>
        <marc:datafield tag="245" ind1="0" ind2="0">
            <marc:subfield code="a">Wages, benefits, poverty line, and meeting workers' needs in the apparel and footwear industries of selected countries /</marc:subfield>
            <marc:subfield code="c">U.S. Department of Labor, Bureau of International Labor Affairs.</marc:subfield>
        </marc:datafield>
        <marc:datafield tag="260" ind1=" " ind2=" ">
            <marc:subfield code="a">[Washington, D.C.] (Room S-5325, Constitution Ave., N.W., Washington 20210) :</marc:subfield>
            <marc:subfield code="b">The Bureau,</marc:subfield>
            <marc:subfield code="c">[2000]</marc:subfield>
        </marc:datafield>
        <marc:datafield tag="300" ind1=" " ind2=" ">
            <marc:subfield code="a">1 v. (various pagings) ;</marc:subfield>
            <marc:subfield code="c">28 cm.</marc:subfield>
        </marc:datafield>
        <marc:datafield tag="500" ind1=" " ind2=" ">
            <marc:subfield code="a">&quot;February 2000.&quot;</marc:subfield>
            <marc:subfield code="5">FPeU</marc:subfield>
            <marc:subfield code="5">FU</marc:subfield>
            <marc:subfield code="5">FFmFGC</marc:subfield>
            <marc:subfield code="5">FBoU</marc:subfield>
            <marc:subfield code="5">FTS</marc:subfield>
            <marc:subfield code="5">FTaSU</marc:subfield>
            <marc:subfield code="5">FTaFA</marc:subfield>
            <marc:subfield code="5">FOFT</marc:subfield>
            <marc:subfield code="5">FMFIU</marc:subfield>
        </marc:datafield>
        <marc:datafield tag="500" ind1=" " ind2=" ">
            <marc:subfield code="a">Not distributed to depository libraries in a physical form.</marc:subfield>
            <marc:subfield code="5">FPeU</marc:subfield>
            <marc:subfield code="5">FU</marc:subfield>
            <marc:subfield code="5">FFmFGC</marc:subfield>
            <marc:subfield code="5">FBoU</marc:subfield>
            <marc:subfield code="5">FTS</marc:subfield>
            <marc:subfield code="5">FTaFA</marc:subfield>
            <marc:subfield code="5">FOFT</marc:subfield>
            <marc:subfield code="5">FMFIU</marc:subfield>
        </marc:datafield>
        <marc:datafield tag="500" ind1=" " ind2=" ">
            <marc:subfield code="a">Title from title screen.</marc:subfield>
            <marc:subfield code="5">FTaSU</marc:subfield>
        </marc:datafield>
        <marc:datafield tag="504" ind1=" " ind2=" ">
            <marc:subfield code="a">Includes bibliographical references.</marc:subfield>
        </marc:datafield>
        <marc:datafield tag="530" ind1=" " ind2=" ">
            <marc:subfield code="a">Available via Internet from the Bureau of International Labor Affairs web site (PDF version only). Address as of 4/30/01: http://www.dol.gov/dol/ilab/public/media/reports/oiea/wagestudy/wagestudy.pdf; current access is available via PURL.</marc:subfield>
            <marc:subfield code="5">FPeU</marc:subfield>
            <marc:subfield code="5">FU</marc:subfield>
            <marc:subfield code="5">FFmFGC</marc:subfield>
            <marc:subfield code="5">FBoU</marc:subfield>
            <marc:subfield code="5">FTS</marc:subfield>
            <marc:subfield code="5">FTaFA</marc:subfield>
            <marc:subfield code="5">FOFT</marc:subfield>
            <marc:subfield code="5">FMFIU</marc:subfield>
        </marc:datafield>
        <marc:datafield tag="538" ind1=" " ind2=" ">
            <marc:subfield code="a">Mode of access: Internet from the Bureau of International Labor Affairs web site (PDF version only). Address as of 4/30/01: http://www.dol.gov/dol/ilab/public/media/reports/oiea/wagestudy/wagestudy.pdf; current access is available via PURL.</marc:subfield>
            <marc:subfield code="5">FTaSU</marc:subfield>
        </marc:datafield>
        <marc:datafield tag="650" ind1=" " ind2="0">
            <marc:subfield code="a">Employee fringe benefits.</marc:subfield>
        </marc:datafield>
        <marc:datafield tag="650" ind1=" " ind2="0">
            <marc:subfield code="a">Poverty.</marc:subfield>
        </marc:datafield>
        <marc:datafield tag="650" ind1=" " ind2="0">
            <marc:subfield code="a">Wages</marc:subfield>
            <marc:subfield code="x">Footwear industry</marc:subfield>
            <marc:subfield code="v">Case studies.</marc:subfield>
        </marc:datafield>
        <marc:datafield tag="650" ind1=" " ind2="0">
            <marc:subfield code="a">Wages</marc:subfield>
            <marc:subfield code="x">Clothing workers</marc:subfield>
            <marc:subfield code="v">Case studies.</marc:subfield>
        </marc:datafield>
        <marc:datafield tag="710" ind1="1" ind2=" ">
            <marc:subfield code="a">United States.</marc:subfield>
            <marc:subfield code="b">Bureau of International Labor Affairs.</marc:subfield>
        </marc:datafield>
        <marc:datafield tag="856" ind1="4" ind2="1">
            <marc:subfield code="u">http://purl.access.gpo.gov/GPO/LPS11654</marc:subfield>
            <marc:subfield code="z">Adobe Acrobat Reader required</marc:subfield>
        </marc:datafield>
        <marc:datafield tag="852" ind1="3" ind2=" ">
            <marc:subfield code="a">FPeU</marc:subfield>
            <marc:subfield code="b">WFPAC</marc:subfield>
            <marc:subfield code="c">PDUER</marc:subfield>
            <marc:subfield code="h">L 29.2:2000010547</marc:subfield>
            <marc:subfield code="z">Available on the Internet.</marc:subfield>
        </marc:datafield>
        <marc:datafield tag="856" ind1="4" ind2="0">
            <marc:subfield code="x">migrated</marc:subfield>
        </marc:datafield>
        <marc:datafield tag="852" ind1="8" ind2=" ">
            <marc:subfield code="a">FTaSU</marc:subfield>
            <marc:subfield code="b">FSUER</marc:subfield>
            <marc:subfield code="c">ERES</marc:subfield>
        </marc:datafield>
        <marc:datafield tag="852" ind1=" " ind2=" ">
            <marc:subfield code="a">FU</marc:subfield>
            <marc:subfield code="b">UFER</marc:subfield>
            <marc:subfield code="c">DOCS</marc:subfield>
        </marc:datafield>
        <marc:datafield tag="852" ind1=" " ind2=" ">
            <marc:subfield code="a">FFmFGC</marc:subfield>
            <marc:subfield code="b">GCUMN</marc:subfield>
            <marc:subfield code="c">ELEC</marc:subfield>
        </marc:datafield>
        <marc:datafield tag="852" ind1="3" ind2=" ">
            <marc:subfield code="a">FTaFA</marc:subfield>
            <marc:subfield code="b">AMCOL</marc:subfield>
            <marc:subfield code="c">DOCF</marc:subfield>
            <marc:subfield code="h">L 29.2:2000010547</marc:subfield>
        </marc:datafield>
        <marc:datafield tag="852" ind1=" " ind2=" ">
            <marc:subfield code="a">FBoU</marc:subfield>
            <marc:subfield code="b">FAUER</marc:subfield>
            <marc:subfield code="c">ELEC</marc:subfield>
        </marc:datafield>
        <marc:datafield tag="852" ind1=" " ind2=" ">
            <marc:subfield code="a">FMFIU</marc:subfield>
            <marc:subfield code="b">FIELR</marc:subfield>
            <marc:subfield code="c">ELRUS</marc:subfield>
        </marc:datafield>
        <marc:datafield tag="852" ind1="3" ind2=" ">
            <marc:subfield code="a">FOFT</marc:subfield>
            <marc:subfield code="b">CFELE</marc:subfield>
            <marc:subfield code="c">DOCS</marc:subfield>
            <marc:subfield code="h">L 29.2:2000010547(online)</marc:subfield>
        </marc:datafield>
        <marc:datafield tag="852" ind1="3" ind2=" ">
            <marc:subfield code="a">FPeU</marc:subfield>
            <marc:subfield code="b">WFPAC</marc:subfield>
            <marc:subfield code="c">PDUER</marc:subfield>
            <marc:subfield code="h">L 29.2:2000010547</marc:subfield>
            <marc:subfield code="z">Available on the Internet.</marc:subfield>
        </marc:datafield>
        <marc:datafield tag="852" ind1="8" ind2=" ">
            <marc:subfield code="a">FTaSU</marc:subfield>
            <marc:subfield code="b">FSUER</marc:subfield>
            <marc:subfield code="c">ERES</marc:subfield>
        </marc:datafield>
        <marc:datafield tag="852" ind1=" " ind2=" ">
            <marc:subfield code="a">FU</marc:subfield>
            <marc:subfield code="b">UFER</marc:subfield>
            <marc:subfield code="c">DOCS</marc:subfield>
        </marc:datafield>
        <marc:datafield tag="852" ind1=" " ind2=" ">
            <marc:subfield code="a">FFmFGC</marc:subfield>
            <marc:subfield code="b">GCUMN</marc:subfield>
            <marc:subfield code="c">ELEC</marc:subfield>
        </marc:datafield>
        <marc:datafield tag="852" ind1="3" ind2=" ">
            <marc:subfield code="a">FTaFA</marc:subfield>
            <marc:subfield code="b">AMCOL</marc:subfield>
            <marc:subfield code="c">DOCF</marc:subfield>
            <marc:subfield code="h">L 29.2:2000010547</marc:subfield>
        </marc:datafield>
        <marc:datafield tag="852" ind1=" " ind2=" ">
            <marc:subfield code="a">FBoU</marc:subfield>
            <marc:subfield code="b">FAUER</marc:subfield>
            <marc:subfield code="c">ELEC</marc:subfield>
        </marc:datafield>
        <marc:datafield tag="852" ind1=" " ind2=" ">
            <marc:subfield code="a">FMFIU</marc:subfield>
            <marc:subfield code="b">FIELR</marc:subfield>
            <marc:subfield code="c">ELRUS</marc:subfield>
        </marc:datafield>
        <marc:datafield tag="852" ind1="3" ind2=" ">
            <marc:subfield code="a">FOFT</marc:subfield>
            <marc:subfield code="b">CFELE</marc:subfield>
            <marc:subfield code="c">DOCS</marc:subfield>
            <marc:subfield code="h">L 29.2:2000010547(online)</marc:subfield>
        </marc:datafield>
        <marc:datafield tag="NCO" ind1=" " ind2=" ">
            <marc:subfield code="a">blank</marc:subfield>
        </marc:datafield>
        <marc:datafield tag="CAT" ind1=" " ind2=" ">
            <marc:subfield code="a">SBMERGE</marc:subfield>
            <marc:subfield code="b">20</marc:subfield>
            <marc:subfield code="c">20120623</marc:subfield>
            <marc:subfield code="l">UXU01</marc:subfield>
            <marc:subfield code="h">0755</marc:subfield>
        </marc:datafield>
        <marc:datafield tag="CAT" ind1=" " ind2=" ">
            <marc:subfield code="a">BATCH-UPD</marc:subfield>
            <marc:subfield code="b">20</marc:subfield>
            <marc:subfield code="c">20121219</marc:subfield>
            <marc:subfield code="l">UXU01</marc:subfield>
            <marc:subfield code="h">2006</marc:subfield>
        </marc:datafield>
        <marc:datafield tag="CAT" ind1=" " ind2=" ">
            <marc:subfield code="a">BATCH-UPD</marc:subfield>
            <marc:subfield code="b">20</marc:subfield>
            <marc:subfield code="c">20151008</marc:subfield>
            <marc:subfield code="l">UXU01</marc:subfield>
            <marc:subfield code="h">2123</marc:subfield>
        </marc:datafield>
        <marc:datafield tag="CAT" ind1=" " ind2=" ">
            <marc:subfield code="a">FCLDEC</marc:subfield>
            <marc:subfield code="b">20</marc:subfield>
            <marc:subfield code="c">20151013</marc:subfield>
            <marc:subfield code="l">UXU01</marc:subfield>
            <marc:subfield code="h">1235</marc:subfield>
        </marc:datafield>
        <marc:datafield tag="CAT" ind1=" " ind2=" ">
            <marc:subfield code="a">FCLMOD</marc:subfield>
            <marc:subfield code="b">20</marc:subfield>
            <marc:subfield code="c">20170112</marc:subfield>
            <marc:subfield code="l">UXU01</marc:subfield>
            <marc:subfield code="h">1612</marc:subfield>
        </marc:datafield>
        <marc:datafield tag="CAT" ind1=" " ind2=" ">
            <marc:subfield code="a">FCLDEC</marc:subfield>
            <marc:subfield code="b">20</marc:subfield>
            <marc:subfield code="c">20180418</marc:subfield>
            <marc:subfield code="l">UXU01</marc:subfield>
            <marc:subfield code="h">1442</marc:subfield>
        </marc:datafield>
        <marc:datafield tag="CAT" ind1=" " ind2=" ">
            <marc:subfield code="a">FCLDEC</marc:subfield>
            <marc:subfield code="b">20</marc:subfield>
            <marc:subfield code="c">20180418</marc:subfield>
            <marc:subfield code="l">UXU01</marc:subfield>
            <marc:subfield code="h">1613</marc:subfield>
        </marc:datafield>
        <marc:datafield tag="CAT" ind1=" " ind2=" ">
            <marc:subfield code="a">FCLDEC</marc:subfield>
            <marc:subfield code="b">20</marc:subfield>
            <marc:subfield code="c">20180418</marc:subfield>
            <marc:subfield code="l">UXU01</marc:subfield>
            <marc:subfield code="h">1656</marc:subfield>
        </marc:datafield>
        <marc:datafield tag="CAT" ind1=" " ind2=" ">
            <marc:subfield code="a">FCLDEC</marc:subfield>
            <marc:subfield code="b">20</marc:subfield>
            <marc:subfield code="c">20180419</marc:subfield>
            <marc:subfield code="l">UXU01</marc:subfield>
            <marc:subfield code="h">2003</marc:subfield>
        </marc:datafield>
        <marc:datafield tag="CAT" ind1=" " ind2=" ">
            <marc:subfield code="a">FCLDEC</marc:subfield>
            <marc:subfield code="b">20</marc:subfield>
            <marc:subfield code="c">20180425</marc:subfield>
            <marc:subfield code="l">UXU01</marc:subfield>
            <marc:subfield code="h">2344</marc:subfield>
        </marc:datafield>
        <marc:datafield tag="CAT" ind1=" " ind2=" ">
            <marc:subfield code="a">FCLDEC</marc:subfield>
            <marc:subfield code="b">20</marc:subfield>
            <marc:subfield code="c">20180430</marc:subfield>
            <marc:subfield code="l">UXU01</marc:subfield>
            <marc:subfield code="h">1210</marc:subfield>
        </marc:datafield>
        <marc:datafield tag="951" ind1=" " ind2=" ">
            <marc:subfield code="1">01</marc:subfield>
            <marc:subfield code="a">AMU01:000434458;</marc:subfield>
            <marc:subfield code="5">FTaFA</marc:subfield>
        </marc:datafield>
        <marc:datafield tag="951" ind1=" " ind2=" ">
            <marc:subfield code="1">07</marc:subfield>
            <marc:subfield code="a">CFU01:000917118;</marc:subfield>
            <marc:subfield code="5">FOFT</marc:subfield>
        </marc:datafield>
        <marc:datafield tag="951" ind1=" " ind2=" ">
            <marc:subfield code="1">02</marc:subfield>
            <marc:subfield code="a">FAU01:000804104;</marc:subfield>
            <marc:subfield code="5">FBoU</marc:subfield>
        </marc:datafield>
        <marc:datafield tag="951" ind1=" " ind2=" ">
            <marc:subfield code="1">04</marc:subfield>
            <marc:subfield code="a">FIU01:000949793;</marc:subfield>
            <marc:subfield code="5">FMFIU</marc:subfield>
        </marc:datafield>
        <marc:datafield tag="951" ind1=" " ind2=" ">
            <marc:subfield code="1">05</marc:subfield>
            <marc:subfield code="a">FSU01:001870891;</marc:subfield>
            <marc:subfield code="5">FTaSU</marc:subfield>
        </marc:datafield>
        <marc:datafield tag="951" ind1=" " ind2=" ">
            <marc:subfield code="1">03</marc:subfield>
            <marc:subfield code="a">GCU01:000249327;</marc:subfield>
            <marc:subfield code="5">FFmFGC</marc:subfield>
        </marc:datafield>
        <marc:datafield tag="951" ind1=" " ind2=" ">
            <marc:subfield code="1">08</marc:subfield>
            <marc:subfield code="a">UFU01:002726319;</marc:subfield>
            <marc:subfield code="5">FU</marc:subfield>
        </marc:datafield>
        <marc:datafield tag="951" ind1=" " ind2=" ">
            <marc:subfield code="1">11</marc:subfield>
            <marc:subfield code="a">WFU01:000510652;</marc:subfield>
            <marc:subfield code="5">FPeU</marc:subfield>
        </marc:datafield>
        <marc:datafield tag="999" ind1=" " ind2=" ">
            <marc:subfield code="a">ACJ7272001</marc:subfield>
        </marc:datafield>
        <marc:datafield tag="999" ind1=" " ind2=" ">
            <marc:subfield code="a">AKZ3940001</marc:subfield>
        </marc:datafield>
        <marc:datafield tag="999" ind1=" " ind2=" ">
            <marc:subfield code="a">ANK4069001</marc:subfield>
        </marc:datafield>
        <marc:datafield tag="OLD" ind1=" " ind2=" ">
            <marc:subfield code="a">new</marc:subfield>
            <marc:subfield code="b">20180425</marc:subfield>
        </marc:datafield>
        <marc:datafield tag="999" ind1=" " ind2=" ">
            <marc:subfield code="a">ABY5068001</marc:subfield>
        </marc:datafield>
        <marc:datafield tag="999" ind1=" " ind2=" ">
            <marc:subfield code="a">AEF7489001</marc:subfield>
        </marc:datafield>
        <marc:datafield tag="999" ind1=" " ind2=" ">
            <marc:subfield code="a">AEX5768001</marc:subfield>
        </marc:datafield>
        <marc:datafield tag="999" ind1=" " ind2=" ">
            <marc:subfield code="a">AEW3236001</marc:subfield>
        </marc:datafield>
    </marc:record>