
    <marc:record>
        <marc:leader>07438cam a2201717 a 4500</marc:leader>
        <marc:controlfield tag="001">020015347</marc:controlfield>
        <marc:controlfield tag="004">WFACJ7274001</marc:controlfield>
        <marc:controlfield tag="005">20180430121035.0</marc:controlfield>
        <marc:controlfield tag="008">001128s1999    dcua         f000 0 eng c</marc:controlfield>
        <marc:datafield tag="010" ind1=" " ind2=" ">
            <marc:subfield code="a">00329737</marc:subfield>
        </marc:datafield>
        <marc:datafield tag="020" ind1=" " ind2=" ">
            <marc:subfield code="a">0160606047</marc:subfield>
        </marc:datafield>
        <marc:datafield tag="020" ind1=" " ind2=" ">
            <marc:subfield code="a">9780160606045</marc:subfield>
        </marc:datafield>
        <marc:datafield tag="035" ind1=" " ind2=" ">
            <marc:subfield code="a">(OCoLC)44648209</marc:subfield>
        </marc:datafield>
        <marc:datafield tag="TKR" ind1=" " ind2=" ">
            <marc:subfield code="a">(DGPO)govdoc20010621 B</marc:subfield>
        </marc:datafield>
        <marc:datafield tag="TKR" ind1=" " ind2=" ">
            <marc:subfield code="a">(Source)SLM016 - 484</marc:subfield>
        </marc:datafield>
        <marc:datafield tag="TKR" ind1=" " ind2=" ">
            <marc:subfield code="a">(FFmFGC)RETRO HOL E-GOV DOCS 20180425</marc:subfield>
        </marc:datafield>
        <marc:datafield tag="TKR" ind1=" " ind2=" ">
            <marc:subfield code="a">(DGPO)govdoc20010621</marc:subfield>
        </marc:datafield>
        <marc:datafield tag="TKR" ind1=" " ind2=" ">
            <marc:subfield code="a">(SNX)cis00000601</marc:subfield>
        </marc:datafield>
        <marc:datafield tag="TKR" ind1=" " ind2=" ">
            <marc:subfield code="a">(Source)FLINCISR02</marc:subfield>
        </marc:datafield>
        <marc:datafield tag="TKR" ind1=" " ind2=" ">
            <marc:subfield code="a">(FMFIU)CIS20030401</marc:subfield>
        </marc:datafield>
        <marc:datafield tag="TKR" ind1=" " ind2=" ">
            <marc:subfield code="a">(FlMiFIUC)CISMF</marc:subfield>
        </marc:datafield>
        <marc:datafield tag="TKR" ind1=" " ind2=" ">
            <marc:subfield code="a">(Source)SLM016 - 484</marc:subfield>
        </marc:datafield>
        <marc:datafield tag="TKR" ind1=" " ind2=" ">
            <marc:subfield code="a">(DGPO)govdoc20010621</marc:subfield>
        </marc:datafield>
        <marc:datafield tag="TKR" ind1=" " ind2=" ">
            <marc:subfield code="a">USDOCNOITEM</marc:subfield>
        </marc:datafield>
        <marc:datafield tag="OWN" ind1=" " ind2=" ">
            <marc:subfield code="a">WF</marc:subfield>
        </marc:datafield>
        <marc:datafield tag="OWN" ind1=" " ind2=" ">
            <marc:subfield code="a">WF</marc:subfield>
        </marc:datafield>
        <marc:datafield tag="OWN" ind1=" " ind2=" ">
            <marc:subfield code="a">NF</marc:subfield>
        </marc:datafield>
        <marc:datafield tag="OWN" ind1=" " ind2=" ">
            <marc:subfield code="a">FS</marc:subfield>
        </marc:datafield>
        <marc:datafield tag="OWN" ind1=" " ind2=" ">
            <marc:subfield code="a">UF</marc:subfield>
        </marc:datafield>
        <marc:datafield tag="OWN" ind1=" " ind2=" ">
            <marc:subfield code="a">UF</marc:subfield>
        </marc:datafield>
        <marc:datafield tag="OWN" ind1=" " ind2=" ">
            <marc:subfield code="a">FLARE</marc:subfield>
        </marc:datafield>
        <marc:datafield tag="OWN" ind1=" " ind2=" ">
            <marc:subfield code="a">GC</marc:subfield>
        </marc:datafield>
        <marc:datafield tag="OWN" ind1=" " ind2=" ">
            <marc:subfield code="a">LA</marc:subfield>
        </marc:datafield>
        <marc:datafield tag="OWN" ind1=" " ind2=" ">
            <marc:subfield code="a">FA</marc:subfield>
        </marc:datafield>
        <marc:datafield tag="OWN" ind1=" " ind2=" ">
            <marc:subfield code="a">FA</marc:subfield>
        </marc:datafield>
        <marc:datafield tag="OWN" ind1=" " ind2=" ">
            <marc:subfield code="a">LI</marc:subfield>
        </marc:datafield>
        <marc:datafield tag="OWN" ind1=" " ind2=" ">
            <marc:subfield code="a">CF</marc:subfield>
        </marc:datafield>
        <marc:datafield tag="OWN" ind1=" " ind2=" ">
            <marc:subfield code="a">CF</marc:subfield>
        </marc:datafield>
        <marc:datafield tag="OWN" ind1=" " ind2=" ">
            <marc:subfield code="a">SF</marc:subfield>
        </marc:datafield>
        <marc:datafield tag="040" ind1=" " ind2=" ">
            <marc:subfield code="a">OVP</marc:subfield>
            <marc:subfield code="b">eng</marc:subfield>
            <marc:subfield code="c">OVP</marc:subfield>
            <marc:subfield code="d">DLC</marc:subfield>
            <marc:subfield code="d">GPO</marc:subfield>
            <marc:subfield code="d">BTCTA</marc:subfield>
            <marc:subfield code="d">OCLCF</marc:subfield>
            <marc:subfield code="d">P4I</marc:subfield>
            <marc:subfield code="d">ORU</marc:subfield>
            <marc:subfield code="d">OCLCQ</marc:subfield>
            <marc:subfield code="d">OCLCO</marc:subfield>
        </marc:datafield>
        <marc:datafield tag="042" ind1=" " ind2=" ">
            <marc:subfield code="a">lccopycat</marc:subfield>
        </marc:datafield>
        <marc:datafield tag="043" ind1=" " ind2=" ">
            <marc:subfield code="a">n-us---</marc:subfield>
        </marc:datafield>
        <marc:datafield tag="049" ind1=" " ind2=" ">
            <marc:subfield code="a">FUGG</marc:subfield>
        </marc:datafield>
        <marc:datafield tag="050" ind1="0" ind2="0">
            <marc:subfield code="a">KF27</marc:subfield>
            <marc:subfield code="b">.I54924 1999e</marc:subfield>
        </marc:datafield>
        <marc:datafield tag="074" ind1=" " ind2=" ">
            <marc:subfield code="a">1017-A-01</marc:subfield>
        </marc:datafield>
        <marc:datafield tag="074" ind1=" " ind2=" ">
            <marc:subfield code="a">1017-A-01 (online)</marc:subfield>
        </marc:datafield>
        <marc:datafield tag="074" ind1=" " ind2=" ">
            <marc:subfield code="a">1017-B-01 (MF)</marc:subfield>
        </marc:datafield>
        <marc:datafield tag="074" ind1=" " ind2=" ">
            <marc:subfield code="a">1017-B-01 (online)</marc:subfield>
        </marc:datafield>
        <marc:datafield tag="086" ind1="0" ind2=" ">
            <marc:subfield code="a">Y 4.IN 8/16:OV 2/7</marc:subfield>
        </marc:datafield>
        <marc:datafield tag="088" ind1=" " ind2=" ">
            <marc:subfield code="a">Serial no. 106-51 (United States. Congress. House. Committee on International Relations)</marc:subfield>
        </marc:datafield>
        <marc:datafield tag="110" ind1="1" ind2=" ">
            <marc:subfield code="a">United States.</marc:subfield>
            <marc:subfield code="b">Congress.</marc:subfield>
            <marc:subfield code="b">House.</marc:subfield>
            <marc:subfield code="b">Committee on International Relations.</marc:subfield>
            <marc:subfield code="b">Subcommittee on International Economic Policy and Trade.</marc:subfield>
        </marc:datafield>
        <marc:datafield tag="245" ind1="1" ind2="0">
            <marc:subfield code="a">Hearing on reauthorization of OPIC :</marc:subfield>
            <marc:subfield code="b">hearing before the Subcommittee on International Economic Policy and Trade of the Committee on International Relations, House of Representatives, One Hundred Sixth Congress, first session, on April 14, 1999.</marc:subfield>
        </marc:datafield>
        <marc:datafield tag="260" ind1=" " ind2=" ">
            <marc:subfield code="a">Washington :</marc:subfield>
            <marc:subfield code="b">U.S. G.P.O. :</marc:subfield>
            <marc:subfield code="b">For sale by the Supt. of Docs., Congressional Sales Office, U.S. G.P.O.,</marc:subfield>
            <marc:subfield code="c">1999.</marc:subfield>
        </marc:datafield>
        <marc:datafield tag="300" ind1=" " ind2=" ">
            <marc:subfield code="a">iii, 68 pages :</marc:subfield>
            <marc:subfield code="b">illustrations ;</marc:subfield>
            <marc:subfield code="c">24 cm</marc:subfield>
        </marc:datafield>
        <marc:datafield tag="336" ind1=" " ind2=" ">
            <marc:subfield code="a">text</marc:subfield>
            <marc:subfield code="b">txt</marc:subfield>
            <marc:subfield code="2">rdacontent</marc:subfield>
        </marc:datafield>
        <marc:datafield tag="337" ind1=" " ind2=" ">
            <marc:subfield code="a">unmediated</marc:subfield>
            <marc:subfield code="b">n</marc:subfield>
            <marc:subfield code="2">rdamedia</marc:subfield>
        </marc:datafield>
        <marc:datafield tag="338" ind1=" " ind2=" ">
            <marc:subfield code="a">volume</marc:subfield>
            <marc:subfield code="b">nc</marc:subfield>
            <marc:subfield code="2">rdacarrier</marc:subfield>
        </marc:datafield>
        <marc:datafield tag="530" ind1=" " ind2=" ">
            <marc:subfield code="a">Also available via Internet from the GPO Access web site. Addresses as of 4/27/01: http://frwebgate.access.gpo.gov/cgi-bin/getdoc.cgi?dbname=106ouseearings &amp; docid=f:60297.wais (text version), http://frwebgate.access.gpo.gov/cgi-bin/getdoc.cgi?dbname=106ouseearings &amp; docid=f:60297.pdf (PDF version); current access is available via PURLs.</marc:subfield>
        </marc:datafield>
        <marc:datafield tag="500" ind1=" " ind2=" ">
            <marc:subfield code="a">Reuse of record except for individual research requires license from Congressional Information Service, Inc.</marc:subfield>
            <marc:subfield code="5">FMFIU</marc:subfield>
        </marc:datafield>
        <marc:datafield tag="500" ind1=" " ind2=" ">
            <marc:subfield code="a">&quot;Serial no. 106-51.&quot;</marc:subfield>
            <marc:subfield code="5">FPeU</marc:subfield>
            <marc:subfield code="5">FJUNF</marc:subfield>
            <marc:subfield code="5">FU</marc:subfield>
            <marc:subfield code="5">FBoU</marc:subfield>
            <marc:subfield code="5">FTS</marc:subfield>
            <marc:subfield code="5">FTaSU</marc:subfield>
            <marc:subfield code="5">FOFT</marc:subfield>
        </marc:datafield>
        <marc:datafield tag="500" ind1=" " ind2=" ">
            <marc:subfield code="a">CIS Microfiche Accession Numbers: CIS 00 H461-28</marc:subfield>
            <marc:subfield code="5">FTaFA</marc:subfield>
        </marc:datafield>
        <marc:datafield tag="500" ind1=" " ind2=" ">
            <marc:subfield code="a">Reuse of record except for individual research requires license from LexisNexis Academic &amp; Library Solutions.</marc:subfield>
            <marc:subfield code="5">FTaFA</marc:subfield>
        </marc:datafield>
        <marc:datafield tag="500" ind1=" " ind2=" ">
            <marc:subfield code="a">Distributed to some depository libraries in microfiche.</marc:subfield>
            <marc:subfield code="5">FPeU</marc:subfield>
            <marc:subfield code="5">FU</marc:subfield>
            <marc:subfield code="5">FBoU</marc:subfield>
            <marc:subfield code="5">FTS</marc:subfield>
            <marc:subfield code="5">FTaSU</marc:subfield>
            <marc:subfield code="5">FOFT</marc:subfield>
        </marc:datafield>
        <marc:datafield tag="500" ind1=" " ind2=" ">
            <marc:subfield code="a">Shipping list no.: 2001-0176-P.</marc:subfield>
            <marc:subfield code="5">FPeU</marc:subfield>
            <marc:subfield code="5">FU</marc:subfield>
            <marc:subfield code="5">FBoU</marc:subfield>
            <marc:subfield code="5">FTS</marc:subfield>
            <marc:subfield code="5">FTaSU</marc:subfield>
            <marc:subfield code="5">FOFT</marc:subfield>
        </marc:datafield>
        <marc:datafield tag="533" ind1=" " ind2=" ">
            <marc:subfield code="a">Microfiche.</marc:subfield>
            <marc:subfield code="b">[Bethesda, Md.] :</marc:subfield>
            <marc:subfield code="c">LexisNexis Academic &amp; Library Solutions,</marc:subfield>
            <marc:subfield code="d">2000.</marc:subfield>
            <marc:subfield code="e">11 x 15 cm.</marc:subfield>
            <marc:subfield code="5">FTaFA</marc:subfield>
        </marc:datafield>
        <marc:datafield tag="533" ind1=" " ind2=" ">
            <marc:subfield code="a">Microfiche.</marc:subfield>
            <marc:subfield code="b">[Bethesda, Md.] :</marc:subfield>
            <marc:subfield code="c">Congressional Information Service, Inc.,</marc:subfield>
            <marc:subfield code="d">2000.</marc:subfield>
            <marc:subfield code="e">11 x 15 cm.</marc:subfield>
            <marc:subfield code="5">FMFIU</marc:subfield>
        </marc:datafield>
        <marc:datafield tag="583" ind1="1" ind2=" ">
            <marc:subfield code="5">flgafar</marc:subfield>
            <marc:subfield code="a">committed to retain</marc:subfield>
            <marc:subfield code="c">20150901</marc:subfield>
            <marc:subfield code="d">committed to retain permanently</marc:subfield>
            <marc:subfield code="f">FLARE</marc:subfield>
            <marc:subfield code="f">FDLP</marc:subfield>
            <marc:subfield code="j">FSTO</marc:subfield>
        </marc:datafield>
        <marc:datafield tag="583" ind1="1" ind2=" ">
            <marc:subfield code="5">flgafar</marc:subfield>
            <marc:subfield code="a">condition reviewed</marc:subfield>
            <marc:subfield code="c">20150901</marc:subfield>
            <marc:subfield code="f">FLARE</marc:subfield>
            <marc:subfield code="f">FDLP</marc:subfield>
            <marc:subfield code="j">FSTO</marc:subfield>
        </marc:datafield>
        <marc:datafield tag="610" ind1="2" ind2="0">
            <marc:subfield code="a">Overseas Private Investment Corporation.</marc:subfield>
        </marc:datafield>
        <marc:datafield tag="650" ind1=" " ind2="0">
            <marc:subfield code="a">Investment guaranty insurance</marc:subfield>
            <marc:subfield code="z">United States.</marc:subfield>
        </marc:datafield>
        <marc:datafield tag="650" ind1=" " ind2="0">
            <marc:subfield code="a">Investments, American</marc:subfield>
            <marc:subfield code="x">Law and legislation.</marc:subfield>
        </marc:datafield>
        <marc:datafield tag="610" ind1="2" ind2="7">
            <marc:subfield code="a">Overseas Private Investment Corporation.</marc:subfield>
            <marc:subfield code="2">fast</marc:subfield>
            <marc:subfield code="0">(OCoLC)fst00576888</marc:subfield>
        </marc:datafield>
        <marc:datafield tag="650" ind1=" " ind2="7">
            <marc:subfield code="a">Investment guaranty insurance.</marc:subfield>
            <marc:subfield code="2">fast</marc:subfield>
            <marc:subfield code="0">(OCoLC)fst01715854</marc:subfield>
        </marc:datafield>
        <marc:datafield tag="650" ind1=" " ind2="7">
            <marc:subfield code="a">Investments, American</marc:subfield>
            <marc:subfield code="x">Law and legislation.</marc:subfield>
            <marc:subfield code="2">fast</marc:subfield>
            <marc:subfield code="0">(OCoLC)fst00978321</marc:subfield>
        </marc:datafield>
        <marc:datafield tag="651" ind1=" " ind2="7">
            <marc:subfield code="a">United States.</marc:subfield>
            <marc:subfield code="2">fast</marc:subfield>
            <marc:subfield code="0">(OCoLC)fst01204155</marc:subfield>
        </marc:datafield>
        <marc:datafield tag="776" ind1="0" ind2="8">
            <marc:subfield code="i">Online version:</marc:subfield>
            <marc:subfield code="a">United States. Congress. House. Committee on International Relations. Subcommittee on International Economic Policy and Trade.</marc:subfield>
            <marc:subfield code="t">Hearing on reauthorization of the OPIC.</marc:subfield>
            <marc:subfield code="d">Washington : U.S.G.P.O. : For sale by the Supt. of Docs., Congressional Sales Office, U.S.G.P.O., 1986</marc:subfield>
            <marc:subfield code="w">(OCoLC)654461098</marc:subfield>
        </marc:datafield>
        <marc:datafield tag="856" ind1="4" ind2="1">
            <marc:subfield code="3">PDF version:</marc:subfield>
            <marc:subfield code="u">http://purl.access.gpo.gov/GPO/LPS11578</marc:subfield>
            <marc:subfield code="z">Adobe Acrobat Reader required</marc:subfield>
        </marc:datafield>
        <marc:datafield tag="856" ind1="4" ind2="1">
            <marc:subfield code="3">Text version:</marc:subfield>
            <marc:subfield code="u">http://purl.access.gpo.gov/GPO/LPS11577</marc:subfield>
        </marc:datafield>
        <marc:datafield tag="852" ind1="3" ind2=" ">
            <marc:subfield code="a">FPeU</marc:subfield>
            <marc:subfield code="b">WFPAC</marc:subfield>
            <marc:subfield code="c">PDUMF</marc:subfield>
            <marc:subfield code="h">Y 4.IN 8/16:OV 2/7</marc:subfield>
        </marc:datafield>
        <marc:datafield tag="852" ind1="8" ind2=" ">
            <marc:subfield code="a">FPeU</marc:subfield>
            <marc:subfield code="b">WFPAC</marc:subfield>
            <marc:subfield code="c">PDUER</marc:subfield>
            <marc:subfield code="h">See LINKS for internet location</marc:subfield>
        </marc:datafield>
        <marc:datafield tag="856" ind1="4" ind2="0">
            <marc:subfield code="x">migrated</marc:subfield>
        </marc:datafield>
        <marc:datafield tag="852" ind1="3" ind2=" ">
            <marc:subfield code="a">FJUNF</marc:subfield>
            <marc:subfield code="b">NFUCD</marc:subfield>
            <marc:subfield code="c">USDC</marc:subfield>
            <marc:subfield code="h">Y4.IN8/16:OV2/7</marc:subfield>
        </marc:datafield>
        <marc:datafield tag="852" ind1="8" ind2=" ">
            <marc:subfield code="a">FTaSU</marc:subfield>
            <marc:subfield code="b">FSUER</marc:subfield>
            <marc:subfield code="c">ERES</marc:subfield>
        </marc:datafield>
        <marc:datafield tag="852" ind1="3" ind2=" ">
            <marc:subfield code="a">FU</marc:subfield>
            <marc:subfield code="b">UFSTO</marc:subfield>
            <marc:subfield code="c">MFE</marc:subfield>
            <marc:subfield code="h">Y 4.IN 8/16:OV 2/7</marc:subfield>
        </marc:datafield>
        <marc:datafield tag="852" ind1=" " ind2=" ">
            <marc:subfield code="a">FU</marc:subfield>
            <marc:subfield code="b">UFER</marc:subfield>
            <marc:subfield code="c">DOCS</marc:subfield>
        </marc:datafield>
        <marc:datafield tag="852" ind1="3" ind2=" ">
            <marc:subfield code="a">FlGaFAR</marc:subfield>
            <marc:subfield code="b">FLARE</marc:subfield>
            <marc:subfield code="c">TRAY</marc:subfield>
            <marc:subfield code="h">Y 4.IN 8/16:OV 2/7</marc:subfield>
        </marc:datafield>
        <marc:datafield tag="852" ind1=" " ind2=" ">
            <marc:subfield code="a">FFmFGC</marc:subfield>
            <marc:subfield code="b">GCUMN</marc:subfield>
            <marc:subfield code="c">ELEC</marc:subfield>
        </marc:datafield>
        <marc:datafield tag="852" ind1="4" ind2=" ">
            <marc:subfield code="a">FlOrFAM</marc:subfield>
            <marc:subfield code="b">AMLAW</marc:subfield>
            <marc:subfield code="c">LAMC</marc:subfield>
            <marc:subfield code="h">Microfiche</marc:subfield>
        </marc:datafield>
        <marc:datafield tag="852" ind1="3" ind2=" ">
            <marc:subfield code="a">FBoU</marc:subfield>
            <marc:subfield code="b">FABDC</marc:subfield>
            <marc:subfield code="c">FICHE</marc:subfield>
            <marc:subfield code="h">Y 4.IN 8/16:OV 2/7</marc:subfield>
        </marc:datafield>
        <marc:datafield tag="852" ind1=" " ind2=" ">
            <marc:subfield code="a">FBoU</marc:subfield>
            <marc:subfield code="b">FAUER</marc:subfield>
            <marc:subfield code="c">ELEC</marc:subfield>
        </marc:datafield>
        <marc:datafield tag="852" ind1="8" ind2=" ">
            <marc:subfield code="a">FlMiFIUC</marc:subfield>
            <marc:subfield code="b">FILAW</marc:subfield>
            <marc:subfield code="c">MICRO</marc:subfield>
            <marc:subfield code="h">CIS 00 H461-28</marc:subfield>
        </marc:datafield>
        <marc:datafield tag="852" ind1="3" ind2=" ">
            <marc:subfield code="a">FOFT</marc:subfield>
            <marc:subfield code="b">CFMGC</marc:subfield>
            <marc:subfield code="c">USDOC</marc:subfield>
            <marc:subfield code="h">Y 4.IN 8/16:OV 2/7</marc:subfield>
        </marc:datafield>
        <marc:datafield tag="852" ind1="3" ind2=" ">
            <marc:subfield code="a">FOFT</marc:subfield>
            <marc:subfield code="b">CFELE</marc:subfield>
            <marc:subfield code="c">DOCS</marc:subfield>
            <marc:subfield code="h">Y 4.IN 8/16:OV 2/7(online)</marc:subfield>
        </marc:datafield>
        <marc:datafield tag="852" ind1="3" ind2=" ">
            <marc:subfield code="a">FTS</marc:subfield>
            <marc:subfield code="b">SFTMP</marc:subfield>
            <marc:subfield code="c">DOC</marc:subfield>
            <marc:subfield code="h">Y 4.IN 8/16:OV 2/7</marc:subfield>
        </marc:datafield>
        <marc:datafield tag="852" ind1="3" ind2=" ">
            <marc:subfield code="a">FPeU</marc:subfield>
            <marc:subfield code="b">WFPAC</marc:subfield>
            <marc:subfield code="c">PDUMF</marc:subfield>
            <marc:subfield code="h">Y 4.IN 8/16:OV 2/7</marc:subfield>
        </marc:datafield>
        <marc:datafield tag="852" ind1="8" ind2=" ">
            <marc:subfield code="a">FPeU</marc:subfield>
            <marc:subfield code="b">WFPAC</marc:subfield>
            <marc:subfield code="c">PDUER</marc:subfield>
            <marc:subfield code="h">See LINKS for internet location</marc:subfield>
        </marc:datafield>
        <marc:datafield tag="852" ind1="3" ind2=" ">
            <marc:subfield code="a">FJUNF</marc:subfield>
            <marc:subfield code="b">NFUCD</marc:subfield>
            <marc:subfield code="c">USDC</marc:subfield>
            <marc:subfield code="h">Y4.IN8/16:OV2/7</marc:subfield>
        </marc:datafield>
        <marc:datafield tag="852" ind1="8" ind2=" ">
            <marc:subfield code="a">FTaSU</marc:subfield>
            <marc:subfield code="b">FSUER</marc:subfield>
            <marc:subfield code="c">ERES</marc:subfield>
        </marc:datafield>
        <marc:datafield tag="852" ind1="3" ind2=" ">
            <marc:subfield code="a">FU</marc:subfield>
            <marc:subfield code="b">UFSTO</marc:subfield>
            <marc:subfield code="c">UFFLR</marc:subfield>
            <marc:subfield code="h">Y 4.IN 8/16:OV 2/7</marc:subfield>
        </marc:datafield>
        <marc:datafield tag="852" ind1="3" ind2=" ">
            <marc:subfield code="a">FU</marc:subfield>
            <marc:subfield code="b">UFSTO</marc:subfield>
            <marc:subfield code="c">MFE</marc:subfield>
            <marc:subfield code="h">Y 4.IN 8/16:OV 2/7</marc:subfield>
        </marc:datafield>
        <marc:datafield tag="852" ind1=" " ind2=" ">
            <marc:subfield code="a">FU</marc:subfield>
            <marc:subfield code="b">UFER</marc:subfield>
            <marc:subfield code="c">DOCS</marc:subfield>
        </marc:datafield>
        <marc:datafield tag="852" ind1="3" ind2=" ">
            <marc:subfield code="a">FlGaFAR</marc:subfield>
            <marc:subfield code="b">FLARE</marc:subfield>
            <marc:subfield code="c">TRAY</marc:subfield>
            <marc:subfield code="h">Y 4.IN 8/16:OV 2/7</marc:subfield>
        </marc:datafield>
        <marc:datafield tag="852" ind1=" " ind2=" ">
            <marc:subfield code="a">FFmFGC</marc:subfield>
            <marc:subfield code="b">GCUMN</marc:subfield>
            <marc:subfield code="c">ELEC</marc:subfield>
        </marc:datafield>
        <marc:datafield tag="852" ind1="4" ind2=" ">
            <marc:subfield code="a">FlOrFAM</marc:subfield>
            <marc:subfield code="b">AMLAW</marc:subfield>
            <marc:subfield code="c">LAMC</marc:subfield>
            <marc:subfield code="h">Microfiche</marc:subfield>
        </marc:datafield>
        <marc:datafield tag="852" ind1="3" ind2=" ">
            <marc:subfield code="a">FBoU</marc:subfield>
            <marc:subfield code="b">FABDC</marc:subfield>
            <marc:subfield code="c">FICHE</marc:subfield>
            <marc:subfield code="h">Y 4.IN 8/16:OV 2/7</marc:subfield>
        </marc:datafield>
        <marc:datafield tag="852" ind1=" " ind2=" ">
            <marc:subfield code="a">FBoU</marc:subfield>
            <marc:subfield code="b">FAUER</marc:subfield>
            <marc:subfield code="c">ELEC</marc:subfield>
        </marc:datafield>
        <marc:datafield tag="852" ind1="8" ind2=" ">
            <marc:subfield code="a">FlMiFIUC</marc:subfield>
            <marc:subfield code="b">FILAW</marc:subfield>
            <marc:subfield code="c">MICRO</marc:subfield>
            <marc:subfield code="h">CIS 00 H461-28</marc:subfield>
        </marc:datafield>
        <marc:datafield tag="852" ind1="3" ind2=" ">
            <marc:subfield code="a">FOFT</marc:subfield>
            <marc:subfield code="b">CFMGC</marc:subfield>
            <marc:subfield code="c">USDOC</marc:subfield>
            <marc:subfield code="h">Y 4.IN 8/16:OV 2/7</marc:subfield>
        </marc:datafield>
        <marc:datafield tag="852" ind1="3" ind2=" ">
            <marc:subfield code="a">FOFT</marc:subfield>
            <marc:subfield code="b">CFELE</marc:subfield>
            <marc:subfield code="c">DOCS</marc:subfield>
            <marc:subfield code="h">Y 4.IN 8/16:OV 2/7(online)</marc:subfield>
        </marc:datafield>
        <marc:datafield tag="852" ind1="3" ind2=" ">
            <marc:subfield code="a">FTS</marc:subfield>
            <marc:subfield code="b">SFTMP</marc:subfield>
            <marc:subfield code="c">DOC</marc:subfield>
            <marc:subfield code="h">Y 4.IN 8/16:OV 2/7</marc:subfield>
        </marc:datafield>
        <marc:datafield tag="NCO" ind1=" " ind2=" ">
            <marc:subfield code="a">blank</marc:subfield>
        </marc:datafield>
        <marc:datafield tag="CAT" ind1=" " ind2=" ">
            <marc:subfield code="a">SBMERGE</marc:subfield>
            <marc:subfield code="b">20</marc:subfield>
            <marc:subfield code="c">20120623</marc:subfield>
            <marc:subfield code="l">UXU01</marc:subfield>
            <marc:subfield code="h">0725</marc:subfield>
        </marc:datafield>
        <marc:datafield tag="CAT" ind1=" " ind2=" ">
            <marc:subfield code="a">OCLCxfer</marc:subfield>
            <marc:subfield code="b">00</marc:subfield>
            <marc:subfield code="c">20150515</marc:subfield>
            <marc:subfield code="l">UXU01</marc:subfield>
            <marc:subfield code="h">1336</marc:subfield>
        </marc:datafield>
        <marc:datafield tag="CAT" ind1=" " ind2=" ">
            <marc:subfield code="a">PRJGRIFFIN</marc:subfield>
            <marc:subfield code="b">20</marc:subfield>
            <marc:subfield code="c">20150515</marc:subfield>
            <marc:subfield code="l">UXU01</marc:subfield>
            <marc:subfield code="h">1337</marc:subfield>
        </marc:datafield>
        <marc:datafield tag="CAT" ind1=" " ind2=" ">
            <marc:subfield code="a">FCLDEC</marc:subfield>
            <marc:subfield code="b">20</marc:subfield>
            <marc:subfield code="c">20151013</marc:subfield>
            <marc:subfield code="l">UXU01</marc:subfield>
            <marc:subfield code="h">1235</marc:subfield>
        </marc:datafield>
        <marc:datafield tag="CAT" ind1=" " ind2=" ">
            <marc:subfield code="a">JODYBFL</marc:subfield>
            <marc:subfield code="b">20</marc:subfield>
            <marc:subfield code="c">20170605</marc:subfield>
            <marc:subfield code="l">UXU01</marc:subfield>
            <marc:subfield code="h">1402</marc:subfield>
        </marc:datafield>
        <marc:datafield tag="CAT" ind1=" " ind2=" ">
            <marc:subfield code="a">JODYBFL</marc:subfield>
            <marc:subfield code="b">20</marc:subfield>
            <marc:subfield code="c">20170605</marc:subfield>
            <marc:subfield code="l">UXU01</marc:subfield>
            <marc:subfield code="h">1403</marc:subfield>
        </marc:datafield>
        <marc:datafield tag="CAT" ind1=" " ind2=" ">
            <marc:subfield code="a">FCLDEC</marc:subfield>
            <marc:subfield code="b">20</marc:subfield>
            <marc:subfield code="c">20180418</marc:subfield>
            <marc:subfield code="l">UXU01</marc:subfield>
            <marc:subfield code="h">1442</marc:subfield>
        </marc:datafield>
        <marc:datafield tag="CAT" ind1=" " ind2=" ">
            <marc:subfield code="a">FCLDEC</marc:subfield>
            <marc:subfield code="b">20</marc:subfield>
            <marc:subfield code="c">20180418</marc:subfield>
            <marc:subfield code="l">UXU01</marc:subfield>
            <marc:subfield code="h">1613</marc:subfield>
        </marc:datafield>
        <marc:datafield tag="CAT" ind1=" " ind2=" ">
            <marc:subfield code="a">FCLDEC</marc:subfield>
            <marc:subfield code="b">20</marc:subfield>
            <marc:subfield code="c">20180418</marc:subfield>
            <marc:subfield code="l">UXU01</marc:subfield>
            <marc:subfield code="h">1656</marc:subfield>
        </marc:datafield>
        <marc:datafield tag="CAT" ind1=" " ind2=" ">
            <marc:subfield code="a">FCLDEC</marc:subfield>
            <marc:subfield code="b">20</marc:subfield>
            <marc:subfield code="c">20180419</marc:subfield>
            <marc:subfield code="l">UXU01</marc:subfield>
            <marc:subfield code="h">2003</marc:subfield>
        </marc:datafield>
        <marc:datafield tag="CAT" ind1=" " ind2=" ">
            <marc:subfield code="a">FCLDEC</marc:subfield>
            <marc:subfield code="b">20</marc:subfield>
            <marc:subfield code="c">20180425</marc:subfield>
            <marc:subfield code="l">UXU01</marc:subfield>
            <marc:subfield code="h">2344</marc:subfield>
        </marc:datafield>
        <marc:datafield tag="CAT" ind1=" " ind2=" ">
            <marc:subfield code="a">FCLDEC</marc:subfield>
            <marc:subfield code="b">20</marc:subfield>
            <marc:subfield code="c">20180430</marc:subfield>
            <marc:subfield code="l">UXU01</marc:subfield>
            <marc:subfield code="h">1210</marc:subfield>
        </marc:datafield>
        <marc:datafield tag="951" ind1=" " ind2=" ">
            <marc:subfield code="1">01</marc:subfield>
            <marc:subfield code="a">AMU01:000637216;</marc:subfield>
            <marc:subfield code="5">FTaFA</marc:subfield>
        </marc:datafield>
        <marc:datafield tag="951" ind1=" " ind2=" ">
            <marc:subfield code="1">07</marc:subfield>
            <marc:subfield code="a">CFU01:000917148;</marc:subfield>
            <marc:subfield code="5">FOFT</marc:subfield>
        </marc:datafield>
        <marc:datafield tag="951" ind1=" " ind2=" ">
            <marc:subfield code="1">02</marc:subfield>
            <marc:subfield code="a">FAU01:000804136;</marc:subfield>
            <marc:subfield code="5">FBoU</marc:subfield>
        </marc:datafield>
        <marc:datafield tag="951" ind1=" " ind2=" ">
            <marc:subfield code="1">04</marc:subfield>
            <marc:subfield code="a">FIU01:001059872;</marc:subfield>
            <marc:subfield code="5">FMFIU</marc:subfield>
        </marc:datafield>
        <marc:datafield tag="951" ind1=" " ind2=" ">
            <marc:subfield code="1">05</marc:subfield>
            <marc:subfield code="a">FSU01:001870892;</marc:subfield>
            <marc:subfield code="5">FTaSU</marc:subfield>
        </marc:datafield>
        <marc:datafield tag="951" ind1=" " ind2=" ">
            <marc:subfield code="1">09</marc:subfield>
            <marc:subfield code="a">NFU01:000541033;</marc:subfield>
            <marc:subfield code="5">FJUNF</marc:subfield>
        </marc:datafield>
        <marc:datafield tag="951" ind1=" " ind2=" ">
            <marc:subfield code="1">10</marc:subfield>
            <marc:subfield code="a">SFU01:001297412;</marc:subfield>
            <marc:subfield code="5">FTS</marc:subfield>
        </marc:datafield>
        <marc:datafield tag="951" ind1=" " ind2=" ">
            <marc:subfield code="1">08</marc:subfield>
            <marc:subfield code="a">UFU01:002726346;</marc:subfield>
            <marc:subfield code="5">FU</marc:subfield>
        </marc:datafield>
        <marc:datafield tag="951" ind1=" " ind2=" ">
            <marc:subfield code="1">11</marc:subfield>
            <marc:subfield code="a">WFU01:000510653;</marc:subfield>
            <marc:subfield code="5">FPeU</marc:subfield>
        </marc:datafield>
        <marc:datafield tag="999" ind1=" " ind2=" ">
            <marc:subfield code="a">ACJ7274001</marc:subfield>
        </marc:datafield>
        <marc:datafield tag="999" ind1=" " ind2=" ">
            <marc:subfield code="a">ACJ7274002</marc:subfield>
        </marc:datafield>
        <marc:datafield tag="999" ind1=" " ind2=" ">
            <marc:subfield code="a">ACN3889001</marc:subfield>
        </marc:datafield>
        <marc:datafield tag="999" ind1=" " ind2=" ">
            <marc:subfield code="a">AKZ3941002</marc:subfield>
        </marc:datafield>
        <marc:datafield tag="999" ind1=" " ind2=" ">
            <marc:subfield code="a">ANK4098002</marc:subfield>
        </marc:datafield>
        <marc:datafield tag="999" ind1=" " ind2=" ">
            <marc:subfield code="a">ANK4098003</marc:subfield>
        </marc:datafield>
        <marc:datafield tag="OLD" ind1=" " ind2=" ">
            <marc:subfield code="a">new</marc:subfield>
            <marc:subfield code="b">20180425</marc:subfield>
        </marc:datafield>
        <marc:datafield tag="999" ind1=" " ind2=" ">
            <marc:subfield code="a">AEF7521001</marc:subfield>
        </marc:datafield>
        <marc:datafield tag="999" ind1=" " ind2=" ">
            <marc:subfield code="a">AEF7521002</marc:subfield>
        </marc:datafield>
        <marc:datafield tag="999" ind1=" " ind2=" ">
            <marc:subfield code="a">AFL1911001</marc:subfield>
        </marc:datafield>
        <marc:datafield tag="999" ind1=" " ind2=" ">
            <marc:subfield code="a">AEW3266001</marc:subfield>
        </marc:datafield>
        <marc:datafield tag="999" ind1=" " ind2=" ">
            <marc:subfield code="a">AEW3266002</marc:subfield>
        </marc:datafield>
        <marc:datafield tag="999" ind1=" " ind2=" ">
            <marc:subfield code="a">AHT8083001</marc:subfield>
        </marc:datafield>
    </marc:record>