
    <marc:record>
        <marc:leader>05487cam a2201393 a 4500</marc:leader>
        <marc:controlfield tag="001">020015978</marc:controlfield>
        <marc:controlfield tag="004">SFAHX7238001</marc:controlfield>
        <marc:controlfield tag="005">20170112161323.0</marc:controlfield>
        <marc:controlfield tag="008">010214s2000    mdua     b   f000 0 eng  </marc:controlfield>
        <marc:datafield tag="016" ind1="7" ind2=" ">
            <marc:subfield code="a">101086975</marc:subfield>
            <marc:subfield code="2">DNLM</marc:subfield>
        </marc:datafield>
        <marc:datafield tag="019" ind1=" " ind2=" ">
            <marc:subfield code="a">79756445</marc:subfield>
        </marc:datafield>
        <marc:datafield tag="035" ind1=" " ind2=" ">
            <marc:subfield code="a">(OCoLC)45912751</marc:subfield>
        </marc:datafield>
        <marc:datafield tag="TKR" ind1=" " ind2=" ">
            <marc:subfield code="a">(Source)SLM016 - 651</marc:subfield>
        </marc:datafield>
        <marc:datafield tag="TKR" ind1=" " ind2=" ">
            <marc:subfield code="a">(Source)SLM016 - 651</marc:subfield>
        </marc:datafield>
        <marc:datafield tag="TKR" ind1=" " ind2=" ">
            <marc:subfield code="a">(DGPO)govdoc20010621</marc:subfield>
        </marc:datafield>
        <marc:datafield tag="TKR" ind1=" " ind2=" ">
            <marc:subfield code="a">(Source)SLM016 - 651</marc:subfield>
        </marc:datafield>
        <marc:datafield tag="TKR" ind1=" " ind2=" ">
            <marc:subfield code="a">(DGPO)govdoc20010621</marc:subfield>
        </marc:datafield>
        <marc:datafield tag="TKR" ind1=" " ind2=" ">
            <marc:subfield code="a">(DGPO)govdoc20010621</marc:subfield>
        </marc:datafield>
        <marc:datafield tag="TKR" ind1=" " ind2=" ">
            <marc:subfield code="a">(Source)SLM016 - 651</marc:subfield>
        </marc:datafield>
        <marc:datafield tag="TKR" ind1=" " ind2=" ">
            <marc:subfield code="a">(DGPO)govdoc20010621</marc:subfield>
        </marc:datafield>
        <marc:datafield tag="OWN" ind1=" " ind2=" ">
            <marc:subfield code="a">SF</marc:subfield>
        </marc:datafield>
        <marc:datafield tag="OWN" ind1=" " ind2=" ">
            <marc:subfield code="a">FS</marc:subfield>
        </marc:datafield>
        <marc:datafield tag="OWN" ind1=" " ind2=" ">
            <marc:subfield code="a">FS</marc:subfield>
        </marc:datafield>
        <marc:datafield tag="OWN" ind1=" " ind2=" ">
            <marc:subfield code="a">UF</marc:subfield>
        </marc:datafield>
        <marc:datafield tag="OWN" ind1=" " ind2=" ">
            <marc:subfield code="a">UF</marc:subfield>
        </marc:datafield>
        <marc:datafield tag="OWN" ind1=" " ind2=" ">
            <marc:subfield code="a">AM</marc:subfield>
        </marc:datafield>
        <marc:datafield tag="OWN" ind1=" " ind2=" ">
            <marc:subfield code="a">FA</marc:subfield>
        </marc:datafield>
        <marc:datafield tag="OWN" ind1=" " ind2=" ">
            <marc:subfield code="a">FA</marc:subfield>
        </marc:datafield>
        <marc:datafield tag="OWN" ind1=" " ind2=" ">
            <marc:subfield code="a">FI</marc:subfield>
        </marc:datafield>
        <marc:datafield tag="OWN" ind1=" " ind2=" ">
            <marc:subfield code="a">CF</marc:subfield>
        </marc:datafield>
        <marc:datafield tag="OWN" ind1=" " ind2=" ">
            <marc:subfield code="a">CF</marc:subfield>
        </marc:datafield>
        <marc:datafield tag="040" ind1=" " ind2=" ">
            <marc:subfield code="a">NLM</marc:subfield>
            <marc:subfield code="b">eng</marc:subfield>
            <marc:subfield code="c">NLM</marc:subfield>
            <marc:subfield code="d">SFR</marc:subfield>
            <marc:subfield code="d">GPO</marc:subfield>
            <marc:subfield code="d">COO</marc:subfield>
            <marc:subfield code="d">MDD</marc:subfield>
            <marc:subfield code="d">CGC</marc:subfield>
            <marc:subfield code="d">SYB</marc:subfield>
            <marc:subfield code="d">KMS</marc:subfield>
            <marc:subfield code="d">OCLCF</marc:subfield>
            <marc:subfield code="d">OCLCQ</marc:subfield>
            <marc:subfield code="d">OCLCO</marc:subfield>
        </marc:datafield>
        <marc:datafield tag="042" ind1=" " ind2=" ">
            <marc:subfield code="a">pcc</marc:subfield>
        </marc:datafield>
        <marc:datafield tag="043" ind1=" " ind2=" ">
            <marc:subfield code="a">n-us---</marc:subfield>
        </marc:datafield>
        <marc:datafield tag="050" ind1=" " ind2="4">
            <marc:subfield code="a">HV5825</marc:subfield>
            <marc:subfield code="b">.C53 2000</marc:subfield>
        </marc:datafield>
        <marc:datafield tag="060" ind1="0" ind2="0">
            <marc:subfield code="a">2001 B-497</marc:subfield>
        </marc:datafield>
        <marc:datafield tag="060" ind1="1" ind2="0">
            <marc:subfield code="a">WM 270</marc:subfield>
            <marc:subfield code="b">N287752c 2000</marc:subfield>
        </marc:datafield>
        <marc:datafield tag="074" ind1=" " ind2=" ">
            <marc:subfield code="a">0497-D-01</marc:subfield>
        </marc:datafield>
        <marc:datafield tag="074" ind1=" " ind2=" ">
            <marc:subfield code="a">0497-D-01 (online)</marc:subfield>
        </marc:datafield>
        <marc:datafield tag="082" ind1="0" ind2="4">
            <marc:subfield code="a">362.29</marc:subfield>
        </marc:datafield>
        <marc:datafield tag="086" ind1="0" ind2=" ">
            <marc:subfield code="a">HE 20.402:C 76/2/PANEL</marc:subfield>
        </marc:datafield>
        <marc:datafield tag="110" ind1="2" ind2=" ">
            <marc:subfield code="a">National Treatment Plan Initiative (U.S.)</marc:subfield>
        </marc:datafield>
        <marc:datafield tag="245" ind1="1" ind2="0">
            <marc:subfield code="a">Changing the conversation :</marc:subfield>
            <marc:subfield code="b">improving substance abuse treatment : the National Treatment Plan Initiative : panel reports, public hearings, and participant acknowledgements.</marc:subfield>
        </marc:datafield>
        <marc:datafield tag="246" ind1="3" ind2="0">
            <marc:subfield code="a">Improving substance abuse treatment</marc:subfield>
        </marc:datafield>
        <marc:datafield tag="246" ind1="3" ind2=" ">
            <marc:subfield code="a">Panel reports, public hearings, and participant acknowledgements</marc:subfield>
        </marc:datafield>
        <marc:datafield tag="246" ind1="1" ind2="7">
            <marc:subfield code="a">Changing the conversation : the National Treatment Plan Initiative</marc:subfield>
        </marc:datafield>
        <marc:datafield tag="260" ind1=" " ind2=" ">
            <marc:subfield code="a">[Rockville, Md.?] :</marc:subfield>
            <marc:subfield code="b">U.S. Dept. of Health and Human Services, Substance Abuse and Mental Health Services Administration, Center for Substance Abuse Treatment,</marc:subfield>
            <marc:subfield code="c">[2000]</marc:subfield>
        </marc:datafield>
        <marc:datafield tag="300" ind1=" " ind2=" ">
            <marc:subfield code="a">v, 244 pages :</marc:subfield>
            <marc:subfield code="b">illustrations ;</marc:subfield>
            <marc:subfield code="c">28 cm.</marc:subfield>
        </marc:datafield>
        <marc:datafield tag="336" ind1=" " ind2=" ">
            <marc:subfield code="a">text</marc:subfield>
            <marc:subfield code="b">txt</marc:subfield>
            <marc:subfield code="2">rdacontent</marc:subfield>
        </marc:datafield>
        <marc:datafield tag="337" ind1=" " ind2=" ">
            <marc:subfield code="a">unmediated</marc:subfield>
            <marc:subfield code="b">n</marc:subfield>
            <marc:subfield code="2">rdamedia</marc:subfield>
        </marc:datafield>
        <marc:datafield tag="338" ind1=" " ind2=" ">
            <marc:subfield code="a">volume</marc:subfield>
            <marc:subfield code="b">nc</marc:subfield>
            <marc:subfield code="2">rdacarrier</marc:subfield>
        </marc:datafield>
        <marc:datafield tag="490" ind1="1" ind2=" ">
            <marc:subfield code="a">DHHS publication ;</marc:subfield>
            <marc:subfield code="v">no. (SMA) 00-3479</marc:subfield>
        </marc:datafield>
        <marc:datafield tag="490" ind1="1" ind2=" ">
            <marc:subfield code="a">NCADI publication ;</marc:subfield>
            <marc:subfield code="v">no. BKD 382</marc:subfield>
        </marc:datafield>
        <marc:datafield tag="500" ind1=" " ind2=" ">
            <marc:subfield code="a">Shipping list no.: 2001-0080-P.</marc:subfield>
        </marc:datafield>
        <marc:datafield tag="500" ind1=" " ind2=" ">
            <marc:subfield code="a">&quot;November 2000.&quot;</marc:subfield>
        </marc:datafield>
        <marc:datafield tag="504" ind1=" " ind2=" ">
            <marc:subfield code="a">Includes bibliographical references.</marc:subfield>
        </marc:datafield>
        <marc:datafield tag="530" ind1=" " ind2=" ">
            <marc:subfield code="a">Also available via Internet from the SAMHSA/CSAT web site. Address as of 04/27/01: http://permanent.access.gpo.gov/lps11524/ntp.pdf.</marc:subfield>
        </marc:datafield>
        <marc:datafield tag="650" ind1=" " ind2="0">
            <marc:subfield code="a">Substance abuse</marc:subfield>
            <marc:subfield code="x">Treatment</marc:subfield>
            <marc:subfield code="z">United States</marc:subfield>
            <marc:subfield code="x">Planning.</marc:subfield>
        </marc:datafield>
        <marc:datafield tag="650" ind1="1" ind2="2">
            <marc:subfield code="a">Substance-Related Disorders</marc:subfield>
            <marc:subfield code="x">therapy.</marc:subfield>
        </marc:datafield>
        <marc:datafield tag="650" ind1="2" ind2="2">
            <marc:subfield code="a">Health Planning Guidelines.</marc:subfield>
        </marc:datafield>
        <marc:datafield tag="650" ind1=" " ind2="7">
            <marc:subfield code="a">Substance abuse</marc:subfield>
            <marc:subfield code="x">Treatment</marc:subfield>
            <marc:subfield code="x">Planning.</marc:subfield>
            <marc:subfield code="2">fast</marc:subfield>
            <marc:subfield code="0">(OCoLC)fst01136845</marc:subfield>
        </marc:datafield>
        <marc:datafield tag="651" ind1=" " ind2="7">
            <marc:subfield code="a">United States.</marc:subfield>
            <marc:subfield code="2">fast</marc:subfield>
            <marc:subfield code="0">(OCoLC)fst01204155</marc:subfield>
        </marc:datafield>
        <marc:datafield tag="710" ind1="2" ind2=" ">
            <marc:subfield code="a">Center for Substance Abuse Treatment (U.S.)</marc:subfield>
        </marc:datafield>
        <marc:datafield tag="776" ind1="0" ind2="8">
            <marc:subfield code="i">Online version:</marc:subfield>
            <marc:subfield code="a">National Treatment Plan Initiative (U.S.).</marc:subfield>
            <marc:subfield code="t">Changing the conversation.</marc:subfield>
            <marc:subfield code="d">[Rockville, Md.?] : U.S. Dept. of Health and Human Services, Substance Abuse and Mental Health Services Administration, Center for Substance Abuse Treatment, [2000]</marc:subfield>
            <marc:subfield code="w">(OCoLC)762257761</marc:subfield>
        </marc:datafield>
        <marc:datafield tag="830" ind1=" " ind2="0">
            <marc:subfield code="a">DHHS publication ;</marc:subfield>
            <marc:subfield code="v">no. (SMA) 00-3479.</marc:subfield>
        </marc:datafield>
        <marc:datafield tag="830" ind1=" " ind2="0">
            <marc:subfield code="a">NCADI publication ;</marc:subfield>
            <marc:subfield code="v">no. BKD 382.</marc:subfield>
        </marc:datafield>
        <marc:datafield tag="852" ind1="0" ind2=" ">
            <marc:subfield code="a">FTS</marc:subfield>
            <marc:subfield code="b">SFTMP</marc:subfield>
            <marc:subfield code="c">SHELV</marc:subfield>
            <marc:subfield code="h">HV5825</marc:subfield>
            <marc:subfield code="i">.C43 2000</marc:subfield>
        </marc:datafield>
        <marc:datafield tag="852" ind1="3" ind2=" ">
            <marc:subfield code="a">FTaSU</marc:subfield>
            <marc:subfield code="b">FSUDC</marc:subfield>
            <marc:subfield code="c">DOC</marc:subfield>
            <marc:subfield code="h">HE20.402: C76/2/ PANEL</marc:subfield>
        </marc:datafield>
        <marc:datafield tag="852" ind1="8" ind2=" ">
            <marc:subfield code="a">FTaSU</marc:subfield>
            <marc:subfield code="b">FSUER</marc:subfield>
            <marc:subfield code="c">ERES</marc:subfield>
        </marc:datafield>
        <marc:datafield tag="852" ind1="3" ind2=" ">
            <marc:subfield code="a">FU</marc:subfield>
            <marc:subfield code="b">UFSTO</marc:subfield>
            <marc:subfield code="c">GOV</marc:subfield>
            <marc:subfield code="h">HE 20.402:C 76/2/PANEL</marc:subfield>
        </marc:datafield>
        <marc:datafield tag="852" ind1=" " ind2=" ">
            <marc:subfield code="a">FU</marc:subfield>
            <marc:subfield code="b">UFER</marc:subfield>
            <marc:subfield code="c">DOCS</marc:subfield>
        </marc:datafield>
        <marc:datafield tag="852" ind1="3" ind2=" ">
            <marc:subfield code="a">FTaFA</marc:subfield>
            <marc:subfield code="b">AMCOL</marc:subfield>
            <marc:subfield code="c">DOCF</marc:subfield>
            <marc:subfield code="h">HE 20.402:C 76/2/PANEL</marc:subfield>
        </marc:datafield>
        <marc:datafield tag="852" ind1="3" ind2=" ">
            <marc:subfield code="a">FBoU</marc:subfield>
            <marc:subfield code="b">FABDC</marc:subfield>
            <marc:subfield code="c">DOC</marc:subfield>
            <marc:subfield code="h">HE 20.402:C 76/2/PANEL</marc:subfield>
        </marc:datafield>
        <marc:datafield tag="852" ind1=" " ind2=" ">
            <marc:subfield code="a">FBoU</marc:subfield>
            <marc:subfield code="b">FAUER</marc:subfield>
            <marc:subfield code="c">ELEC</marc:subfield>
        </marc:datafield>
        <marc:datafield tag="852" ind1="3" ind2=" ">
            <marc:subfield code="a">FMFIU</marc:subfield>
            <marc:subfield code="b">FIUDC</marc:subfield>
            <marc:subfield code="c">US</marc:subfield>
            <marc:subfield code="h">HE 20.402:C 76/2/PANEL</marc:subfield>
        </marc:datafield>
        <marc:datafield tag="852" ind1="3" ind2=" ">
            <marc:subfield code="a">FOFT</marc:subfield>
            <marc:subfield code="b">CFMGC</marc:subfield>
            <marc:subfield code="c">USDOC</marc:subfield>
            <marc:subfield code="h">HE 20.402:C 76/2/PANEL</marc:subfield>
        </marc:datafield>
        <marc:datafield tag="852" ind1="3" ind2=" ">
            <marc:subfield code="a">FOFT</marc:subfield>
            <marc:subfield code="b">CFELE</marc:subfield>
            <marc:subfield code="c">DOCS</marc:subfield>
            <marc:subfield code="h">HE 20.402:C 76/2/PANEL(online)</marc:subfield>
        </marc:datafield>
        <marc:datafield tag="852" ind1="0" ind2=" ">
            <marc:subfield code="a">FTS</marc:subfield>
            <marc:subfield code="b">SFTMP</marc:subfield>
            <marc:subfield code="c">SHELV</marc:subfield>
            <marc:subfield code="h">HV5825</marc:subfield>
            <marc:subfield code="i">.C43 2000</marc:subfield>
        </marc:datafield>
        <marc:datafield tag="852" ind1="3" ind2=" ">
            <marc:subfield code="a">FTaSU</marc:subfield>
            <marc:subfield code="b">FSUDC</marc:subfield>
            <marc:subfield code="c">DOC</marc:subfield>
            <marc:subfield code="h">HE20.402: C76/2/ PANEL</marc:subfield>
        </marc:datafield>
        <marc:datafield tag="852" ind1="8" ind2=" ">
            <marc:subfield code="a">FTaSU</marc:subfield>
            <marc:subfield code="b">FSUER</marc:subfield>
            <marc:subfield code="c">ERES</marc:subfield>
        </marc:datafield>
        <marc:datafield tag="852" ind1="3" ind2=" ">
            <marc:subfield code="a">FU</marc:subfield>
            <marc:subfield code="b">UFSTO</marc:subfield>
            <marc:subfield code="c">GOV</marc:subfield>
            <marc:subfield code="h">HE 20.402:C 76/2/PANEL</marc:subfield>
        </marc:datafield>
        <marc:datafield tag="852" ind1=" " ind2=" ">
            <marc:subfield code="a">FU</marc:subfield>
            <marc:subfield code="b">UFER</marc:subfield>
            <marc:subfield code="c">DOCS</marc:subfield>
        </marc:datafield>
        <marc:datafield tag="852" ind1="3" ind2=" ">
            <marc:subfield code="a">FTaFA</marc:subfield>
            <marc:subfield code="b">AMCOL</marc:subfield>
            <marc:subfield code="c">DOCF</marc:subfield>
            <marc:subfield code="h">HE 20.402:C 76/2/PANEL</marc:subfield>
        </marc:datafield>
        <marc:datafield tag="852" ind1="3" ind2=" ">
            <marc:subfield code="a">FBoU</marc:subfield>
            <marc:subfield code="b">FABDC</marc:subfield>
            <marc:subfield code="c">DOC</marc:subfield>
            <marc:subfield code="h">HE 20.402:C 76/2/PANEL</marc:subfield>
        </marc:datafield>
        <marc:datafield tag="852" ind1=" " ind2=" ">
            <marc:subfield code="a">FBoU</marc:subfield>
            <marc:subfield code="b">FAUER</marc:subfield>
            <marc:subfield code="c">ELEC</marc:subfield>
        </marc:datafield>
        <marc:datafield tag="852" ind1="3" ind2=" ">
            <marc:subfield code="a">FMFIU</marc:subfield>
            <marc:subfield code="b">FIELR</marc:subfield>
            <marc:subfield code="c">ELRUS</marc:subfield>
            <marc:subfield code="h">HE 20.402:C 76/2/PANEL(online)</marc:subfield>
            <marc:subfield code="x">wd 9/2011 mpm (ss record created)</marc:subfield>
        </marc:datafield>
        <marc:datafield tag="852" ind1="3" ind2=" ">
            <marc:subfield code="a">FMFIU</marc:subfield>
            <marc:subfield code="b">FIUDC</marc:subfield>
            <marc:subfield code="c">US</marc:subfield>
            <marc:subfield code="h">HE 20.402:C 76/2/PANEL</marc:subfield>
        </marc:datafield>
        <marc:datafield tag="852" ind1="3" ind2=" ">
            <marc:subfield code="a">FMFIU</marc:subfield>
            <marc:subfield code="b">FIUDC</marc:subfield>
            <marc:subfield code="c">US</marc:subfield>
            <marc:subfield code="h">HE 20.402:C 76/2/PANEL</marc:subfield>
            <marc:subfield code="x"> Wdn 8/27/08 nh</marc:subfield>
            <marc:subfield code="x">tr 2/2016 mpm (FIBDC US - FIUDC US/ LD)</marc:subfield>
        </marc:datafield>
        <marc:datafield tag="852" ind1="3" ind2=" ">
            <marc:subfield code="a">FOFT</marc:subfield>
            <marc:subfield code="b">CFMGC</marc:subfield>
            <marc:subfield code="c">USDOC</marc:subfield>
            <marc:subfield code="h">HE 20.402:C 76/2/PANEL</marc:subfield>
        </marc:datafield>
        <marc:datafield tag="852" ind1="3" ind2=" ">
            <marc:subfield code="a">FOFT</marc:subfield>
            <marc:subfield code="b">CFELE</marc:subfield>
            <marc:subfield code="c">DOCS</marc:subfield>
            <marc:subfield code="h">HE 20.402:C 76/2/PANEL(online)</marc:subfield>
        </marc:datafield>
        <marc:datafield tag="NCO" ind1=" " ind2=" ">
            <marc:subfield code="a">blank</marc:subfield>
        </marc:datafield>
        <marc:datafield tag="CAT" ind1=" " ind2=" ">
            <marc:subfield code="a">SBMERGE</marc:subfield>
            <marc:subfield code="b">20</marc:subfield>
            <marc:subfield code="c">20120623</marc:subfield>
            <marc:subfield code="l">UXU01</marc:subfield>
            <marc:subfield code="h">0755</marc:subfield>
        </marc:datafield>
        <marc:datafield tag="CAT" ind1=" " ind2=" ">
            <marc:subfield code="a">OCLCxfer</marc:subfield>
            <marc:subfield code="b">00</marc:subfield>
            <marc:subfield code="c">20150129</marc:subfield>
            <marc:subfield code="l">UXU01</marc:subfield>
            <marc:subfield code="h">1505</marc:subfield>
        </marc:datafield>
        <marc:datafield tag="CAT" ind1=" " ind2=" ">
            <marc:subfield code="a">ROBINC</marc:subfield>
            <marc:subfield code="b">20</marc:subfield>
            <marc:subfield code="c">20150129</marc:subfield>
            <marc:subfield code="l">UXU01</marc:subfield>
            <marc:subfield code="h">1505</marc:subfield>
        </marc:datafield>
        <marc:datafield tag="CAT" ind1=" " ind2=" ">
            <marc:subfield code="a">ROBINC</marc:subfield>
            <marc:subfield code="b">20</marc:subfield>
            <marc:subfield code="c">20150129</marc:subfield>
            <marc:subfield code="l">UXU01</marc:subfield>
            <marc:subfield code="h">1505</marc:subfield>
        </marc:datafield>
        <marc:datafield tag="CAT" ind1=" " ind2=" ">
            <marc:subfield code="a">FCLDEC</marc:subfield>
            <marc:subfield code="b">20</marc:subfield>
            <marc:subfield code="c">20151013</marc:subfield>
            <marc:subfield code="l">UXU01</marc:subfield>
            <marc:subfield code="h">1238</marc:subfield>
        </marc:datafield>
        <marc:datafield tag="CAT" ind1=" " ind2=" ">
            <marc:subfield code="a">DONGE</marc:subfield>
            <marc:subfield code="b">20</marc:subfield>
            <marc:subfield code="c">20151102</marc:subfield>
            <marc:subfield code="l">UXU01</marc:subfield>
            <marc:subfield code="h">1437</marc:subfield>
        </marc:datafield>
        <marc:datafield tag="CAT" ind1=" " ind2=" ">
            <marc:subfield code="a">FCLMOD</marc:subfield>
            <marc:subfield code="b">20</marc:subfield>
            <marc:subfield code="c">20170112</marc:subfield>
            <marc:subfield code="l">UXU01</marc:subfield>
            <marc:subfield code="h">1613</marc:subfield>
        </marc:datafield>
        <marc:datafield tag="951" ind1=" " ind2=" ">
            <marc:subfield code="1">01</marc:subfield>
            <marc:subfield code="a">AMU01:000434473;</marc:subfield>
            <marc:subfield code="5">FTaFA</marc:subfield>
        </marc:datafield>
        <marc:datafield tag="951" ind1=" " ind2=" ">
            <marc:subfield code="1">07</marc:subfield>
            <marc:subfield code="a">CFU01:000917197;</marc:subfield>
            <marc:subfield code="5">FOFT</marc:subfield>
        </marc:datafield>
        <marc:datafield tag="951" ind1=" " ind2=" ">
            <marc:subfield code="1">02</marc:subfield>
            <marc:subfield code="a">FAU01:000804185;</marc:subfield>
            <marc:subfield code="5">FBoU</marc:subfield>
        </marc:datafield>
        <marc:datafield tag="951" ind1=" " ind2=" ">
            <marc:subfield code="1">04</marc:subfield>
            <marc:subfield code="a">FIU01:000949833;</marc:subfield>
            <marc:subfield code="5">FMFIU</marc:subfield>
        </marc:datafield>
        <marc:datafield tag="951" ind1=" " ind2=" ">
            <marc:subfield code="1">05</marc:subfield>
            <marc:subfield code="a">FSU01:001870902;</marc:subfield>
            <marc:subfield code="5">FTaSU</marc:subfield>
        </marc:datafield>
        <marc:datafield tag="951" ind1=" " ind2=" ">
            <marc:subfield code="1">03</marc:subfield>
            <marc:subfield code="a">GCU01:000249378;</marc:subfield>
            <marc:subfield code="5">FFmFGC</marc:subfield>
        </marc:datafield>
        <marc:datafield tag="951" ind1=" " ind2=" ">
            <marc:subfield code="1">10</marc:subfield>
            <marc:subfield code="a">SFU01:001332802;</marc:subfield>
            <marc:subfield code="5">FTS</marc:subfield>
        </marc:datafield>
        <marc:datafield tag="951" ind1=" " ind2=" ">
            <marc:subfield code="1">08</marc:subfield>
            <marc:subfield code="a">UFU01:002726394;</marc:subfield>
            <marc:subfield code="5">FU</marc:subfield>
        </marc:datafield>
        <marc:datafield tag="951" ind1=" " ind2=" ">
            <marc:subfield code="1">11</marc:subfield>
            <marc:subfield code="a">WFU01:000510668;</marc:subfield>
            <marc:subfield code="5">FPeU</marc:subfield>
        </marc:datafield>
        <marc:datafield tag="999" ind1=" " ind2=" ">
            <marc:subfield code="a">AHX7238001</marc:subfield>
        </marc:datafield>
        <marc:datafield tag="999" ind1=" " ind2=" ">
            <marc:subfield code="a">AKZ3953001</marc:subfield>
        </marc:datafield>
        <marc:datafield tag="999" ind1=" " ind2=" ">
            <marc:subfield code="a">AKZ3953002</marc:subfield>
        </marc:datafield>
        <marc:datafield tag="999" ind1=" " ind2=" ">
            <marc:subfield code="a">ANK4147001</marc:subfield>
        </marc:datafield>
        <marc:datafield tag="999" ind1=" " ind2=" ">
            <marc:subfield code="a">ANK4147002</marc:subfield>
        </marc:datafield>
        <marc:datafield tag="999" ind1=" " ind2=" ">
            <marc:subfield code="a">ABY5083001</marc:subfield>
        </marc:datafield>
        <marc:datafield tag="999" ind1=" " ind2=" ">
            <marc:subfield code="a">AEF7570001</marc:subfield>
        </marc:datafield>
        <marc:datafield tag="999" ind1=" " ind2=" ">
            <marc:subfield code="a">AEF7570002</marc:subfield>
        </marc:datafield>
        <marc:datafield tag="999" ind1=" " ind2=" ">
            <marc:subfield code="a">AEX5808002</marc:subfield>
        </marc:datafield>
        <marc:datafield tag="999" ind1=" " ind2=" ">
            <marc:subfield code="a">AEW3315001</marc:subfield>
        </marc:datafield>
        <marc:datafield tag="999" ind1=" " ind2=" ">
            <marc:subfield code="a">AEW3315002</marc:subfield>
        </marc:datafield>
    </marc:record>