
    <marc:record>
        <marc:leader>05076nam a2201225 a 4500</marc:leader>
        <marc:controlfield tag="001">020016167</marc:controlfield>
        <marc:controlfield tag="004">WFACJ7294001</marc:controlfield>
        <marc:controlfield tag="005">20180430121313.0</marc:controlfield>
        <marc:controlfield tag="008">010228s2001    dcua    s    f000|0 eng d</marc:controlfield>
        <marc:datafield tag="STA" ind1=" " ind2=" ">
            <marc:subfield code="a">DO NOT OFFLOAD</marc:subfield>
            <marc:subfield code="5">FU</marc:subfield>
            <marc:subfield code="5">FFmFGC</marc:subfield>
            <marc:subfield code="5">FBoU</marc:subfield>
            <marc:subfield code="5">FTS</marc:subfield>
            <marc:subfield code="5">FTaSU</marc:subfield>
            <marc:subfield code="5">FTaFA</marc:subfield>
            <marc:subfield code="5">FOFT</marc:subfield>
            <marc:subfield code="5">FMFIU</marc:subfield>
        </marc:datafield>
        <marc:datafield tag="035" ind1=" " ind2=" ">
            <marc:subfield code="a">(OCoLC)46346540</marc:subfield>
        </marc:datafield>
        <marc:datafield tag="TKR" ind1=" " ind2=" ">
            <marc:subfield code="a">(DGPO)govdoc20010621 B</marc:subfield>
        </marc:datafield>
        <marc:datafield tag="TKR" ind1=" " ind2=" ">
            <marc:subfield code="a">(Source)SLM016 - 687</marc:subfield>
        </marc:datafield>
        <marc:datafield tag="TKR" ind1=" " ind2=" ">
            <marc:subfield code="a">(Source)SLM017 - 713</marc:subfield>
        </marc:datafield>
        <marc:datafield tag="TKR" ind1=" " ind2=" ">
            <marc:subfield code="a">(DGPO)govdoc20010717</marc:subfield>
        </marc:datafield>
        <marc:datafield tag="TKR" ind1=" " ind2=" ">
            <marc:subfield code="a">(FFmFGC)RETRO HOL E-GOV DOCS 20180425</marc:subfield>
        </marc:datafield>
        <marc:datafield tag="TKR" ind1=" " ind2=" ">
            <marc:subfield code="a">(Source)SLM016 - 687</marc:subfield>
        </marc:datafield>
        <marc:datafield tag="TKR" ind1=" " ind2=" ">
            <marc:subfield code="a">(DGPO)govdoc20010621</marc:subfield>
        </marc:datafield>
        <marc:datafield tag="TKR" ind1=" " ind2=" ">
            <marc:subfield code="a">(DGPO)govdoc20010621</marc:subfield>
        </marc:datafield>
        <marc:datafield tag="TKR" ind1=" " ind2=" ">
            <marc:subfield code="a">(Source)SLM017 - 713</marc:subfield>
        </marc:datafield>
        <marc:datafield tag="TKR" ind1=" " ind2=" ">
            <marc:subfield code="a">(DGPO)mrcv UP 20010717</marc:subfield>
        </marc:datafield>
        <marc:datafield tag="TKR" ind1=" " ind2=" ">
            <marc:subfield code="a">(Source)SLM016 - 687</marc:subfield>
        </marc:datafield>
        <marc:datafield tag="TKR" ind1=" " ind2=" ">
            <marc:subfield code="a">(DGPO)govdoc20010621</marc:subfield>
        </marc:datafield>
        <marc:datafield tag="OWN" ind1=" " ind2=" ">
            <marc:subfield code="a">WF</marc:subfield>
        </marc:datafield>
        <marc:datafield tag="OWN" ind1=" " ind2=" ">
            <marc:subfield code="a">FS</marc:subfield>
        </marc:datafield>
        <marc:datafield tag="OWN" ind1=" " ind2=" ">
            <marc:subfield code="a">UF</marc:subfield>
        </marc:datafield>
        <marc:datafield tag="OWN" ind1=" " ind2=" ">
            <marc:subfield code="a">GC</marc:subfield>
        </marc:datafield>
        <marc:datafield tag="OWN" ind1=" " ind2=" ">
            <marc:subfield code="a">AM</marc:subfield>
        </marc:datafield>
        <marc:datafield tag="OWN" ind1=" " ind2=" ">
            <marc:subfield code="a">FA</marc:subfield>
        </marc:datafield>
        <marc:datafield tag="OWN" ind1=" " ind2=" ">
            <marc:subfield code="a">FI</marc:subfield>
        </marc:datafield>
        <marc:datafield tag="OWN" ind1=" " ind2=" ">
            <marc:subfield code="a">CF</marc:subfield>
        </marc:datafield>
        <marc:datafield tag="OWN" ind1=" " ind2=" ">
            <marc:subfield code="a">SF</marc:subfield>
        </marc:datafield>
        <marc:datafield tag="040" ind1=" " ind2=" ">
            <marc:subfield code="a">FRG</marc:subfield>
            <marc:subfield code="c">FRG</marc:subfield>
            <marc:subfield code="d">GPO</marc:subfield>
            <marc:subfield code="d">DLC</marc:subfield>
            <marc:subfield code="d">MvI</marc:subfield>
        </marc:datafield>
        <marc:datafield tag="043" ind1=" " ind2=" ">
            <marc:subfield code="a">n-us---</marc:subfield>
        </marc:datafield>
        <marc:datafield tag="074" ind1=" " ind2=" ">
            <marc:subfield code="a">0745 (online)</marc:subfield>
        </marc:datafield>
        <marc:datafield tag="086" ind1="0" ind2=" ">
            <marc:subfield code="a">L 1.2:2001035349</marc:subfield>
        </marc:datafield>
        <marc:datafield tag="090" ind1=" " ind2=" ">
            <marc:subfield code="a">HD4965.5.U5</marc:subfield>
            <marc:subfield code="b">U55 2001</marc:subfield>
        </marc:datafield>
        <marc:datafield tag="100" ind1="1" ind2=" ">
            <marc:subfield code="a">Cohen, Malcolm S.</marc:subfield>
        </marc:datafield>
        <marc:datafield tag="245" ind1="1" ind2="4">
            <marc:subfield code="a">The &quot;new economy&quot; and its impact on executive, administrative, and professional exemptions to the Fair Labor Standards Act (FLSA) /</marc:subfield>
            <marc:subfield code="c">Malcolm S. Cohen and Donald R. Grimes.</marc:subfield>
        </marc:datafield>
        <marc:datafield tag="260" ind1=" " ind2=" ">
            <marc:subfield code="a">[Washington, D.C. :</marc:subfield>
            <marc:subfield code="b">U.S. Dept. of Labor,</marc:subfield>
            <marc:subfield code="c">2001]</marc:subfield>
        </marc:datafield>
        <marc:datafield tag="300" ind1=" " ind2=" ">
            <marc:subfield code="a">xiv, 115 p. :</marc:subfield>
            <marc:subfield code="b">ill. ;</marc:subfield>
            <marc:subfield code="c">28 cm.</marc:subfield>
        </marc:datafield>
        <marc:datafield tag="500" ind1=" " ind2=" ">
            <marc:subfield code="a">&quot;January 2001&quot;--Cover.</marc:subfield>
            <marc:subfield code="5">FPeU</marc:subfield>
            <marc:subfield code="5">FU</marc:subfield>
            <marc:subfield code="5">FFmFGC</marc:subfield>
            <marc:subfield code="5">FBoU</marc:subfield>
            <marc:subfield code="5">FTS</marc:subfield>
            <marc:subfield code="5">FTaFA</marc:subfield>
            <marc:subfield code="5">FOFT</marc:subfield>
            <marc:subfield code="5">FMFIU</marc:subfield>
        </marc:datafield>
        <marc:datafield tag="500" ind1=" " ind2=" ">
            <marc:subfield code="a">Not distributed to depository libraries in a physical form.</marc:subfield>
            <marc:subfield code="5">FPeU</marc:subfield>
            <marc:subfield code="5">FU</marc:subfield>
            <marc:subfield code="5">FFmFGC</marc:subfield>
            <marc:subfield code="5">FBoU</marc:subfield>
            <marc:subfield code="5">FTS</marc:subfield>
            <marc:subfield code="5">FTaFA</marc:subfield>
            <marc:subfield code="5">FOFT</marc:subfield>
            <marc:subfield code="5">FMFIU</marc:subfield>
        </marc:datafield>
        <marc:datafield tag="500" ind1=" " ind2=" ">
            <marc:subfield code="a">&quot;Prepared for the University of Tennessee under a contract with the U.S. Dept of Labor, Employment Standards Administration, Wage and Hour Division.&quot;</marc:subfield>
            <marc:subfield code="5">FPeU</marc:subfield>
            <marc:subfield code="5">FU</marc:subfield>
            <marc:subfield code="5">FFmFGC</marc:subfield>
            <marc:subfield code="5">FBoU</marc:subfield>
            <marc:subfield code="5">FTS</marc:subfield>
            <marc:subfield code="5">FTaSU</marc:subfield>
            <marc:subfield code="5">FTaFA</marc:subfield>
            <marc:subfield code="5">FOFT</marc:subfield>
            <marc:subfield code="5">FMFIU</marc:subfield>
        </marc:datafield>
        <marc:datafield tag="500" ind1=" " ind2=" ">
            <marc:subfield code="a">Title from title screen.</marc:subfield>
            <marc:subfield code="5">FTaSU</marc:subfield>
        </marc:datafield>
        <marc:datafield tag="530" ind1=" " ind2=" ">
            <marc:subfield code="a">Available via Internet from the U.S. Dept. of Labor Office of the Assistant Secretary for Policy web site. Address as of 5/14/01: http://www.dol.gov/dol/asp/public/programs/flsa/report-neweconomy/main.htm; current access is available via PURL.</marc:subfield>
            <marc:subfield code="5">FPeU</marc:subfield>
            <marc:subfield code="5">FU</marc:subfield>
            <marc:subfield code="5">FFmFGC</marc:subfield>
            <marc:subfield code="5">FBoU</marc:subfield>
            <marc:subfield code="5">FTS</marc:subfield>
            <marc:subfield code="5">FTaFA</marc:subfield>
            <marc:subfield code="5">FOFT</marc:subfield>
            <marc:subfield code="5">FMFIU</marc:subfield>
        </marc:datafield>
        <marc:datafield tag="538" ind1=" " ind2=" ">
            <marc:subfield code="a">Mode of access: Internet from the U.S. Dept. of Labor Office of the Assistant Secretary for Policy web site. Address as of 5/14/01: http://www.dol.gov/dol/asp/public/programs/flsa/report-neweconomy/main.htm; current access is available via PURL.</marc:subfield>
            <marc:subfield code="5">FTaSU</marc:subfield>
        </marc:datafield>
        <marc:datafield tag="650" ind1=" " ind2="0">
            <marc:subfield code="a">Hours of labor</marc:subfield>
            <marc:subfield code="x">Law and legislation</marc:subfield>
            <marc:subfield code="z">United States.</marc:subfield>
        </marc:datafield>
        <marc:datafield tag="650" ind1=" " ind2="0">
            <marc:subfield code="a">Overtime</marc:subfield>
            <marc:subfield code="x">Law and legislation</marc:subfield>
            <marc:subfield code="z">United States.</marc:subfield>
        </marc:datafield>
        <marc:datafield tag="650" ind1=" " ind2="0">
            <marc:subfield code="a">Executives</marc:subfield>
            <marc:subfield code="x">Legal status, laws, etc.</marc:subfield>
            <marc:subfield code="z">United States.</marc:subfield>
        </marc:datafield>
        <marc:datafield tag="650" ind1=" " ind2="0">
            <marc:subfield code="a">Professions</marc:subfield>
            <marc:subfield code="x">Law and legislation</marc:subfield>
            <marc:subfield code="z">United States.</marc:subfield>
        </marc:datafield>
        <marc:datafield tag="700" ind1="1" ind2=" ">
            <marc:subfield code="a">Grimes, Donald R.</marc:subfield>
        </marc:datafield>
        <marc:datafield tag="710" ind1="1" ind2=" ">
            <marc:subfield code="a">United States.</marc:subfield>
            <marc:subfield code="b">Department of Labor</marc:subfield>
        </marc:datafield>
        <marc:datafield tag="856" ind1="4" ind2="1">
            <marc:subfield code="u">http://www.dol.gov/dol/asp/public/programs/flsa/report-neweconomy/main.htm</marc:subfield>
            <marc:subfield code="5">FPeU</marc:subfield>
        </marc:datafield>
        <marc:datafield tag="856" ind1="4" ind2="1">
            <marc:subfield code="u">http://purl.access.gpo.gov/GPO/LPS11947</marc:subfield>
        </marc:datafield>
        <marc:datafield tag="852" ind1="3" ind2=" ">
            <marc:subfield code="a">FPeU</marc:subfield>
            <marc:subfield code="b">WFPAC</marc:subfield>
            <marc:subfield code="c">PDUER</marc:subfield>
            <marc:subfield code="h">L 1.2:2001035349</marc:subfield>
            <marc:subfield code="z">Available on the Internet.</marc:subfield>
        </marc:datafield>
        <marc:datafield tag="856" ind1="4" ind2="0">
            <marc:subfield code="x">migrated</marc:subfield>
        </marc:datafield>
        <marc:datafield tag="852" ind1="8" ind2=" ">
            <marc:subfield code="a">FTaSU</marc:subfield>
            <marc:subfield code="b">FSUER</marc:subfield>
            <marc:subfield code="c">ERES</marc:subfield>
        </marc:datafield>
        <marc:datafield tag="852" ind1=" " ind2=" ">
            <marc:subfield code="a">FU</marc:subfield>
            <marc:subfield code="b">UFER</marc:subfield>
            <marc:subfield code="c">DOCS</marc:subfield>
        </marc:datafield>
        <marc:datafield tag="852" ind1=" " ind2=" ">
            <marc:subfield code="a">FFmFGC</marc:subfield>
            <marc:subfield code="b">GCUMN</marc:subfield>
            <marc:subfield code="c">ELEC</marc:subfield>
        </marc:datafield>
        <marc:datafield tag="852" ind1="3" ind2=" ">
            <marc:subfield code="a">FTaFA</marc:subfield>
            <marc:subfield code="b">AMCOL</marc:subfield>
            <marc:subfield code="c">DOCEL</marc:subfield>
        </marc:datafield>
        <marc:datafield tag="852" ind1=" " ind2=" ">
            <marc:subfield code="a">FBoU</marc:subfield>
            <marc:subfield code="b">FAUER</marc:subfield>
            <marc:subfield code="c">ELEC</marc:subfield>
        </marc:datafield>
        <marc:datafield tag="852" ind1="3" ind2=" ">
            <marc:subfield code="a">FMFIU</marc:subfield>
            <marc:subfield code="b">FIELR</marc:subfield>
            <marc:subfield code="c">ELRUS</marc:subfield>
            <marc:subfield code="h">L 1.2:2001035349 (online)</marc:subfield>
        </marc:datafield>
        <marc:datafield tag="852" ind1="3" ind2=" ">
            <marc:subfield code="a">FOFT</marc:subfield>
            <marc:subfield code="b">CFELE</marc:subfield>
            <marc:subfield code="c">DOCS</marc:subfield>
            <marc:subfield code="h">L 1.2:2001035349(online)</marc:subfield>
        </marc:datafield>
        <marc:datafield tag="852" ind1="3" ind2=" ">
            <marc:subfield code="a">FTS</marc:subfield>
            <marc:subfield code="b">SFERS</marc:subfield>
            <marc:subfield code="c">DOCS</marc:subfield>
            <marc:subfield code="h">L 1.2:2001035349</marc:subfield>
        </marc:datafield>
        <marc:datafield tag="852" ind1="3" ind2=" ">
            <marc:subfield code="a">FPeU</marc:subfield>
            <marc:subfield code="b">WFPAC</marc:subfield>
            <marc:subfield code="c">PDUER</marc:subfield>
            <marc:subfield code="h">L 1.2:2001035349</marc:subfield>
            <marc:subfield code="z">Available on the Internet.</marc:subfield>
        </marc:datafield>
        <marc:datafield tag="852" ind1="8" ind2=" ">
            <marc:subfield code="a">FTaSU</marc:subfield>
            <marc:subfield code="b">FSUER</marc:subfield>
            <marc:subfield code="c">ERES</marc:subfield>
        </marc:datafield>
        <marc:datafield tag="852" ind1=" " ind2=" ">
            <marc:subfield code="a">FU</marc:subfield>
            <marc:subfield code="b">UFER</marc:subfield>
            <marc:subfield code="c">DOCS</marc:subfield>
        </marc:datafield>
        <marc:datafield tag="852" ind1=" " ind2=" ">
            <marc:subfield code="a">FFmFGC</marc:subfield>
            <marc:subfield code="b">GCUMN</marc:subfield>
            <marc:subfield code="c">ELEC</marc:subfield>
        </marc:datafield>
        <marc:datafield tag="852" ind1="3" ind2=" ">
            <marc:subfield code="a">FTaFA</marc:subfield>
            <marc:subfield code="b">AMCOL</marc:subfield>
            <marc:subfield code="c">DOCEL</marc:subfield>
        </marc:datafield>
        <marc:datafield tag="852" ind1=" " ind2=" ">
            <marc:subfield code="a">FBoU</marc:subfield>
            <marc:subfield code="b">FAUER</marc:subfield>
            <marc:subfield code="c">ELEC</marc:subfield>
        </marc:datafield>
        <marc:datafield tag="852" ind1="3" ind2=" ">
            <marc:subfield code="a">FMFIU</marc:subfield>
            <marc:subfield code="b">FIELR</marc:subfield>
            <marc:subfield code="c">ELRUS</marc:subfield>
            <marc:subfield code="h">L 1.2:2001035349 (online)</marc:subfield>
        </marc:datafield>
        <marc:datafield tag="852" ind1="3" ind2=" ">
            <marc:subfield code="a">FOFT</marc:subfield>
            <marc:subfield code="b">CFELE</marc:subfield>
            <marc:subfield code="c">DOCS</marc:subfield>
            <marc:subfield code="h">L 1.2:2001035349(online)</marc:subfield>
        </marc:datafield>
        <marc:datafield tag="852" ind1="3" ind2=" ">
            <marc:subfield code="a">FTS</marc:subfield>
            <marc:subfield code="b">SFERS</marc:subfield>
            <marc:subfield code="c">DOCS</marc:subfield>
            <marc:subfield code="h">L 1.2:2001035349</marc:subfield>
        </marc:datafield>
        <marc:datafield tag="NCO" ind1=" " ind2=" ">
            <marc:subfield code="a">blank</marc:subfield>
        </marc:datafield>
        <marc:datafield tag="CAT" ind1=" " ind2=" ">
            <marc:subfield code="a">SBMERGE</marc:subfield>
            <marc:subfield code="b">20</marc:subfield>
            <marc:subfield code="c">20120623</marc:subfield>
            <marc:subfield code="l">UXU01</marc:subfield>
            <marc:subfield code="h">0755</marc:subfield>
        </marc:datafield>
        <marc:datafield tag="CAT" ind1=" " ind2=" ">
            <marc:subfield code="a">BATCH-UPD</marc:subfield>
            <marc:subfield code="b">20</marc:subfield>
            <marc:subfield code="c">20140523</marc:subfield>
            <marc:subfield code="l">UXU01</marc:subfield>
            <marc:subfield code="h">0057</marc:subfield>
        </marc:datafield>
        <marc:datafield tag="CAT" ind1=" " ind2=" ">
            <marc:subfield code="a">BATCH-UPD</marc:subfield>
            <marc:subfield code="b">20</marc:subfield>
            <marc:subfield code="c">20151008</marc:subfield>
            <marc:subfield code="l">UXU01</marc:subfield>
            <marc:subfield code="h">2123</marc:subfield>
        </marc:datafield>
        <marc:datafield tag="CAT" ind1=" " ind2=" ">
            <marc:subfield code="a">FCLDEC</marc:subfield>
            <marc:subfield code="b">20</marc:subfield>
            <marc:subfield code="c">20151013</marc:subfield>
            <marc:subfield code="l">UXU01</marc:subfield>
            <marc:subfield code="h">1238</marc:subfield>
        </marc:datafield>
        <marc:datafield tag="CAT" ind1=" " ind2=" ">
            <marc:subfield code="a">FCLMOD</marc:subfield>
            <marc:subfield code="b">20</marc:subfield>
            <marc:subfield code="c">20170112</marc:subfield>
            <marc:subfield code="l">UXU01</marc:subfield>
            <marc:subfield code="h">1613</marc:subfield>
        </marc:datafield>
        <marc:datafield tag="CAT" ind1=" " ind2=" ">
            <marc:subfield code="a">FCLDEC</marc:subfield>
            <marc:subfield code="b">20</marc:subfield>
            <marc:subfield code="c">20180418</marc:subfield>
            <marc:subfield code="l">UXU01</marc:subfield>
            <marc:subfield code="h">1442</marc:subfield>
        </marc:datafield>
        <marc:datafield tag="CAT" ind1=" " ind2=" ">
            <marc:subfield code="a">FCLDEC</marc:subfield>
            <marc:subfield code="b">20</marc:subfield>
            <marc:subfield code="c">20180418</marc:subfield>
            <marc:subfield code="l">UXU01</marc:subfield>
            <marc:subfield code="h">1613</marc:subfield>
        </marc:datafield>
        <marc:datafield tag="CAT" ind1=" " ind2=" ">
            <marc:subfield code="a">FCLDEC</marc:subfield>
            <marc:subfield code="b">20</marc:subfield>
            <marc:subfield code="c">20180418</marc:subfield>
            <marc:subfield code="l">UXU01</marc:subfield>
            <marc:subfield code="h">1656</marc:subfield>
        </marc:datafield>
        <marc:datafield tag="CAT" ind1=" " ind2=" ">
            <marc:subfield code="a">FCLDEC</marc:subfield>
            <marc:subfield code="b">20</marc:subfield>
            <marc:subfield code="c">20180419</marc:subfield>
            <marc:subfield code="l">UXU01</marc:subfield>
            <marc:subfield code="h">2003</marc:subfield>
        </marc:datafield>
        <marc:datafield tag="CAT" ind1=" " ind2=" ">
            <marc:subfield code="a">FCLDEC</marc:subfield>
            <marc:subfield code="b">20</marc:subfield>
            <marc:subfield code="c">20180425</marc:subfield>
            <marc:subfield code="l">UXU01</marc:subfield>
            <marc:subfield code="h">2349</marc:subfield>
        </marc:datafield>
        <marc:datafield tag="CAT" ind1=" " ind2=" ">
            <marc:subfield code="a">FCLDEC</marc:subfield>
            <marc:subfield code="b">20</marc:subfield>
            <marc:subfield code="c">20180430</marc:subfield>
            <marc:subfield code="l">UXU01</marc:subfield>
            <marc:subfield code="h">1213</marc:subfield>
        </marc:datafield>
        <marc:datafield tag="951" ind1=" " ind2=" ">
            <marc:subfield code="1">01</marc:subfield>
            <marc:subfield code="a">AMU01:000434477;</marc:subfield>
            <marc:subfield code="5">FTaFA</marc:subfield>
        </marc:datafield>
        <marc:datafield tag="951" ind1=" " ind2=" ">
            <marc:subfield code="1">07</marc:subfield>
            <marc:subfield code="a">CFU01:000917204;</marc:subfield>
            <marc:subfield code="5">FOFT</marc:subfield>
        </marc:datafield>
        <marc:datafield tag="951" ind1=" " ind2=" ">
            <marc:subfield code="1">02</marc:subfield>
            <marc:subfield code="a">FAU01:000804192;</marc:subfield>
            <marc:subfield code="5">FBoU</marc:subfield>
        </marc:datafield>
        <marc:datafield tag="951" ind1=" " ind2=" ">
            <marc:subfield code="1">04</marc:subfield>
            <marc:subfield code="a">FIU01:000949841;</marc:subfield>
            <marc:subfield code="5">FMFIU</marc:subfield>
        </marc:datafield>
        <marc:datafield tag="951" ind1=" " ind2=" ">
            <marc:subfield code="1">05</marc:subfield>
            <marc:subfield code="a">FSU01:001870908;</marc:subfield>
            <marc:subfield code="5">FTaSU</marc:subfield>
        </marc:datafield>
        <marc:datafield tag="951" ind1=" " ind2=" ">
            <marc:subfield code="1">03</marc:subfield>
            <marc:subfield code="a">GCU01:000249380;</marc:subfield>
            <marc:subfield code="5">FFmFGC</marc:subfield>
        </marc:datafield>
        <marc:datafield tag="951" ind1=" " ind2=" ">
            <marc:subfield code="1">10</marc:subfield>
            <marc:subfield code="a">SFU01:001297467;</marc:subfield>
            <marc:subfield code="5">FTS</marc:subfield>
        </marc:datafield>
        <marc:datafield tag="951" ind1=" " ind2=" ">
            <marc:subfield code="1">08</marc:subfield>
            <marc:subfield code="a">UFU01:002726402;</marc:subfield>
            <marc:subfield code="5">FU</marc:subfield>
        </marc:datafield>
        <marc:datafield tag="951" ind1=" " ind2=" ">
            <marc:subfield code="1">11</marc:subfield>
            <marc:subfield code="a">WFU01:000510672;</marc:subfield>
            <marc:subfield code="5">FPeU</marc:subfield>
        </marc:datafield>
        <marc:datafield tag="999" ind1=" " ind2=" ">
            <marc:subfield code="a">ACJ7294001</marc:subfield>
        </marc:datafield>
        <marc:datafield tag="999" ind1=" " ind2=" ">
            <marc:subfield code="a">AKZ3959001</marc:subfield>
        </marc:datafield>
        <marc:datafield tag="999" ind1=" " ind2=" ">
            <marc:subfield code="a">ANK4156001</marc:subfield>
        </marc:datafield>
        <marc:datafield tag="OLD" ind1=" " ind2=" ">
            <marc:subfield code="a">new</marc:subfield>
            <marc:subfield code="b">20180425</marc:subfield>
        </marc:datafield>
        <marc:datafield tag="999" ind1=" " ind2=" ">
            <marc:subfield code="a">ABY5087001</marc:subfield>
        </marc:datafield>
        <marc:datafield tag="999" ind1=" " ind2=" ">
            <marc:subfield code="a">AEF7577001</marc:subfield>
        </marc:datafield>
        <marc:datafield tag="999" ind1=" " ind2=" ">
            <marc:subfield code="a">AEX5816001</marc:subfield>
        </marc:datafield>
        <marc:datafield tag="999" ind1=" " ind2=" ">
            <marc:subfield code="a">AEW3322001</marc:subfield>
        </marc:datafield>
        <marc:datafield tag="999" ind1=" " ind2=" ">
            <marc:subfield code="a">AHT8139001</marc:subfield>
        </marc:datafield>
    </marc:record>
</marc:collection>
